2884 6550
373 1450 744 1553 ΑΝΝΟιῳπ
952 1459 1013 1533 ssi

190 1624 392 1701 Praemiititur
414 1627 558 1723 prefatio
583 1630 735 1725 Stephani
762 1627 872 1703 Dulcii
903 1630 1016 1705 Cano-

141 1745 211 1817 nici
231 1744 326 1817 Scaiae
344 1770 417 1843 quae
434 1746 571 1840 primum
591 1747 702 1817 folium
721 1769 880 1843 occupat3
896 1768 927 1821 et
943 1772 1017 1845 post

143 1862 402 1957 subscriptionem
424 1860 509 1934 aliud
533 1862 629 1933 etiam
658 1864 769 1935 folium
798 1865 923 1936 exhibet
946 1893 1014 1938 car·

144 1984 237 2051 mina
254 1980 346 2053 Im.
361 1980 444 2075 Biffi
455 1983 491 2049 ia
507 1982 629 2049 laudem
646 1980 804 2071 Bonifhcii
820 1986 991 2055 Simonem.

194 2094 297 2189 Editio
317 2096 475 2193 originalis
496 2116 528 2167 et
547 2097 683 2170 curiosa.
716 2130 723 2173 v

89 2338 140 2397 21
169 2314 229 2395 Le
249 2309 352 2399 livre
369 2308 420 2395 de
440 2310 533 2397 bien
551 2318 675 2397 vivre.
699 2314 818 2398 Paris
844 2342 888 2429 15
915 2315 1012 2401 ΧΨ.
1071 2280 1173 2403 ⁴⁶?
1186 2299 1221 2310 ’-

149 2472 289 2557 1492,
316 2442 428 2525 Pour
445 2444 614 2528 Antoine
644 2447 690 2528 V
684 2447 799 2529 e'rardv
1046 2412 1219 2609 {imin

1083 2574 1100 2621 i

89 2628 323 2749 L’c'guiiion
359 2628 411 2717 de
440 2636 587 2717 crainte
624 2631 758 2718 divine
789 2663 892 2744 pour
918 2635 1013 2721 bien

144 2768 330 2867 mount,
357 2794 411 2847 ou
439 2764 553 2846 traite'
580 2762 649 2849 des
682 2769 817 2873 peines
851 2764 1014 2849 d’Enfer

146 2894 255 2979 etde
274 2896 522 3013 Purgatoire.
541 2894 659 2977 Paris
671 2928 748 3008 par
766 2894 885 2979 Gillet
901 2900 1013 2979 Cous·

147 3058 233 3110 teau
252 3054 291 3107 et
308 3023 410 3112 Jean
428 3025 595 3110 Me'nard
609 3058 711 3138 pour
724 3027 845 3111 Anto.
872 3028 917 3112 V
912 3027 1018 3110 &rard

151 3186 288 3267 1492,
314 3158 350 3237 le
383 3158 432 3242 18
463 3154 606 3243 Juillet.

89 3367 237 3452 Traite'
253 3363 307 3452 de
328 3363 588 3453 l'avenement
613 3366 664 3452 de
691 3366 946 3454 l'Antechrist
974 3396 1014 3454 et

151 3497 225 3584 des
250 3525 293 3610 15
318 3502 455 3613 signes
478 3497 695 3609 prece'dens
718 3498 754 3585 le
775 3498 1010 3616 jugement,

145 3655 190 3716 et
223 3627 291 3716 des
326 3627 439 3742 joyes
474 3628 528 3713 du
561 3629 731 3715 Paradis.
767 3633 884 3715 Paris
913 3668 1016 3748 pour

142 3765 243 3850 Ant.
274 3763 320 3848 V
315 3762 424 3845 e‘rard
444 3763 479 3844 le
503 3765 553 3846 28
583 3760 742 3845 Octobre
768 3792 886 3876 1492.

184 3951 268 4027 Tria
285 3951 355 4022 haec
375 3951 408 4020 in
425 3975 491 4022 uno
510 3951 673 4022 volumine
694 3951 916 4039 continentum
939 3979 1013 4025 cum

140 4069 246 4164 figuris
274 4067 362 4164 ligno
390 4067 502 4140 incisis.
537 4066 642 4140 Deest
676 4068 780 4140 media
812 4092 882 4162 pars
909 4070 1013 4166 figurae

89 4279 94 4298 Ι.
141 4187 212 4258 foiii
240 4207 274 4258 et
293 4187 403 4282 signat.
419 4185 477 4276 fj
495 4187 599 4282 operis
619 4185 757 4260 secundi.

140 4399 168 4454 ¹¹
189 4397 393 4486 Francisci
427 4401 570 4486 Gafuri
600 4399 819 4484 Laudensis
851 4395 900 4482 de
936 4427 1017 4484 mu·
1074 4389 1208 4509 MK*
1247 4511 1249 4517 ,

164 4531 249 4610 sicis
261 4555 299 4612 et
312 4529 514 4616 effectibus
532 4556 651 4644 atque
669 4529 1019 4616 commendatione
1116 4541 1167 4660 ζ
1215 4519 1245 4646 5‘

174 4663 307 4746 musice
336 4660 545 4774 disciplina
579 4661 632 4748 ad
669 4665 837 4746 Mariam
873 4662 1022 4773 Sphor·
1135 4665 1153 4693 '
1218 4629 1249 4694 i-

788 4793 829 4871 Μ
847 4790 876 4883 vj
