2884 6550
402 1057 450 1155 38
672 1052 1063 1127 ttnrttsos

453 1192 551 1265 editio
580 1192 715 1288 catalogi
743 1191 915 1264 Crevenna
942 1190 1004 1263 ΝΟ.
1044 1209 1146 1286 529,
1178 1185 1233 1259 uhi
1258 1184 1339 1258 scite

452 1311 641 1406 peroptabat
664 1335 705 1379 an
731 1309 797 1380 duo
826 1310 897 1382 haee
924 1306 1074 1379 Bernardi
1103 1330 1204 1399 opera
1232 1303 1340 1374 forent

456 1453 497 1502 ex
521 1426 638 1497 eodem
665 1427 877 1510 charactere3
904 1423 992 1522 quod
1019 1442 1108 1495 certo
1135 1419 1251 1492 certiirs
1281 1438 1339 1491 est.

425 1530 428 1536 ¹
455 1542 510 1616 An
529 1562 635 1616 autem
652 1542 735 1639 apud
751 1544 859 1613 fratres
876 1544 955 1613 vitae'
968 1540 1148 1612 communis
1167 1556 1338 1632 utrumque

456 1683 537 1753 opus
560 1662 745 1754 impressum
766 1659 883 1747 fuerit,
904 1657 982 1733 sicut
1002 1658 1113 1752 legitur
1133 1654 1194 1728 ΝΘ.
1218 1652 1286 1753 518
1307 1654 1337 1723 la

457 1774 614 1862 Vellere,
627 1776 705 1846 nihil
718 1797 765 1846 est
777 1773 863 1872 quod
875 1775 950 1846 illud
959 1776 1083 1870 probet.
1095 1773 1243 1867 Opentm
1257 1771 1338 1841 Ber·

459 1891 548 1968 nardi
560 1892 784 1987 impressorum
801 1892 952 1967 Bruxellis
968 1892 1032 1967 hoe
1046 1914 1131 1960 anno
1155 1912 1338 1959 memoran-

460 2027 509 2079 tur
528 2013 719 2082 miscellunea
744 2012 916 2102 Liusr'cnsia
937 2009 1025 2082 Tum.
1048 2007 1229 2102 X11,pag.
1247 2030 1307 2099 79.

507 2122 738 2197 Desiderantur
758 2127 859 2212 tituli,
875 2127 1022 2220 numeri,
1038 2124 1210 2213 custodes,
1230 2124 1338 2220 signa·
1366 2108 1370 2116 ¹

459 2263 538 2320 turae
560 2269 598 2314 ac
621 2244 731 2316 litterae
754 2244 949 2341 principales.

116 2390 119 2396 ¹
264 2446 312 2544 ἢ
411 2442 442 2527 6
467 2437 601 2525 Sancti
630 2438 821 2528 Bernardi
849 2470 1064 2527 sermones.
1089 2435 1228 2524 ln-fol
1248 2436 1337 2566 v3f.

85 2607 90 2636 '¹
214 2564 365 2755 spssp
508 2629 544 2702 lu
566 2628 628 2702 fine
645 2628 755 2725 legitur
774 2654 783 2699 t
807 2654 957 2699 sermones
983 2632 1061 2699 beati
1084 2627 1262 2698 Bernnardi
1284 2628 1340 2696 ab·

460 2747 541 2818 batis
556 2751 590 2816 de
606 2757 706 2817 morire
729 2748 905 2830 Clarcvallis
925 2750 1090 2839 expliciunt
1098 2743 1236 2834 feliciter.
1257 2742 1341 2814 Sub·

462 2864 666 2957 scriptionem
700 2863 782 2935 hanc
816 2864 953 2959 sequitur
987 2862 1081 2935 index
1119 2885 1340 2946 serrnonum3

462 2978 577 3048 deinde
600 2977 692 3049 index
711 2981 909 3050 materiarum
930 2981 978 3051 XI
999 2980 1173 3065 foliorum,
1191 2980 1243 3049 cui
1259 3003 1341 3074 ptae·

463 3094 591 3164 mittitur
618 3097 749 3189 epistola
775 3095 901 3168 editoris
930 3097 970 3168 ad
997 3097 1123 3168 Petrum
1151 3095 1268 3169 Drack
1296 3096 1342 3166 ci·

345 3202 346 3205 ¹
464 3234 539 3285 vern
559 3210 760 3306 Spirensetn‚
789 3238 860 3311 quae
881 3215 1062 3286 terminatur
1083 3215 1148 3286 sic:
1170 3218 1238 3284 vate
1254 3215 1340 3284 Perre

466 3350 495 3397 et
508 3355 554 3397 me
564 3337 647 3406 ama.
665 3333 722 3403 Ex
738 3332 933 3427 Heidelberga
943 3336 1042 3423 pridie
1058 3334 1221 3405 Kalendas
1237 3335 1342 3423 Sept?-

465 3448 527 3516 bris
547 3473 632 3516 anno
650 3449 707 3517 diti
725 3450 886 3520 LXXXI
896 3474 908 3534 ;
929 3468 961 3518 et
975 3450 1160 3530 ‚terminatur
1176 3426 1271 3518 index
1296 3471 1342 3520 ro

465 3564 605 3635 versibus
629 3591 766 3662 quorum
790 3567 907 3661 primus
931 3568 974 3637 sic
995 3593 1004 3638 ε
1029 3569 1056 3638 J
1074 3593 1158 3635 nunc
1169 3566 1192 3657 j
1215 3569 1340 3638 taudem

465 3705 561 3759 totum
577 3685 755 3756 Bernnarde
770 3711 828 3777 per
842 3687 951 3756 orbem.

512 3800 561 3871 Ex
585 3800 716 3895 epistold
740 3799 940 3874 concluditur
964 3800 1114 3894 prodiisse
1136 3799 1236 3894 Spirae
1252 3825 1340 3871 anno

467 3916 582 4007 1481,
604 3937 677 4011 post
694 3916 851 3989 Calendas
866 3917 1076 4013 Septembris,
1095 3918 1241 4013 adeoque
1256 3918 1340 3988 Bru·

464 4033 633 4104 zellensem
668 4035 840 4107 editionem
875 4037 995 4131 aliquot
1035 4060 1106 4105 eam
1146 4036 1340 4129 precessisse

465 4139 634 4222 mensibus:
660 4151 722 4222 Sed
748 4153 811 4223 hoc
842 4178 934 4248 supra
964 4152 1197 4225 Bruxellensem
1225 4151 1340 4246 gaudet

464 4267 577 4342 merito
599 4251 688 4369 dudd
709 4270 806 4365 longe
830 4270 933 4367 plures
956 4270 1102 4347 exhibeat
1125 4269 1232 4347 Sancti
1255 4268 1338 4344 Ber·
