2884 6550
388 1385 877 1496 nauuscnrrrn
1023 1404 1094 1499 295

257 1544 396 1618 Nomen
428 1548 464 1617 dc
489 1550 524 1617 la
550 1548 771 1631 Bouclardiere
801 1549 909 1622 habuit
939 1550 1092 1625 chronica
1209 1592 1213 1598 ·

205 1662 307 1756 haec,
323 1664 365 1735 ab
375 1688 443 1736 uno
460 1662 604 1736 dominio
619 1664 705 1739 dicto
717 1668 987 1763 &urg-Achard,
1004 1670 1093 1767 quod

210 1780 275 1853 fiu't
300 1780 426 1853 familiae
458 1779 499 1852 de
526 1781 662 1880 Courcy
694 1783 727 1853 in
756 1783 879 1856 diaecesi
909 1784 1092 1858 Rothoma·

212 1898 314 1994 gensi.
342 1897 531 1995 Disquisitio
552 1898 594 1971 de
614 1920 745 1973 auctore
766 1920 799 1974 et
817 1901 989 1997 descriptio
1010 1901 1093 1996 ejus·

209 2014 288 2087 dem
309 2017 432 2111 generis
455 2019 658 2114 manuscripti
681 2019 837 2090 habentur
859 2025 986 2117 catalog.
1009 2024 1044 2091 de
1059 2028 1093 2092 la

212 2134 349 2204 Vallem
368 2132 430 2206 N0.
450 2137 570 2225 4061,
594 2135 680 2208 undl
707 2136 853 2209 eamdem
879 2139 1093 2236 transsumpsit

213 2254 306 2322 :arat
317 2253 452 2324 biblioth.
468 2254 637 2349 elegantiss.
649 2246 819 2344 Parisino,
830 2255 913 2352 apud
925 2256 1093 2329 Edwardtz

212 2367 389 2440 librarium
405 2368 665 2465 Londinensem‚
683 2397 770 2444 anno
791 2378 894 2468 1790·

261 2504 463 2578 Praernittitur
500 2506 591 2602 operi
631 2508 782 2604 prologus
807 2510 1000 2598 auctoris,
1037 2511 1091 2584 ubl

215 2623 379 2696 exhibetur
408 2619 476 2712 ejus
500 2648 621 2696 nornen
652 2644 686 2696 et
713 2625 807 2719 ipsius
836 2646 938 2712 aetas3
960 2645 992 2697 et
1018 2654 1092 2700 curn

214 2741 294 2813 t'olio
320 2741 415 2813 tertio
442 2740 551 2837 incipit
580 2742 658 2814 liber
688 2743 807 2837 primus
840 2742 1092 2835 chronicarum,
1214 2790 1253 2822 Α,

213 2857 263 2931 cui
283 2857 480 2954 praemittitur
500 2859 619 2954 pictura
640 2883 705 2930 una
735 2859 797 2930 alta
820 2857 860 2930 ad
889 2858 991 2930 minus
1014 2880 1091 2932 octo

211 2976 388 3071 pollicum,
410 2975 490 3047 sicut
516 2994 693 3073 sequentes.
721 2975 802 3065 Haec
831 2995 935 3047 autem
965 2977 1092 3047 exhibet
1181 3044 1185 3051 ,

213 3117 321 3165 arcam
343 3091 420 3163 Noe
441 3110 474 3161 et
494 3086 755 3188 iconographiam
779 3094 904 3164 urbium
929 3093 1034 3188 Argos
1060 3110 1100 3164 et>

213 3210 412 3282 Athenarum
436 3233 474 3282 ac
500 3208 590 3281 unius
615 3208 768 3283 exercitiis
788 3209 1006 3306 belligerantis.

262 3328 372 3399 Fronti
390 3326 459 3398 libri
475 3324 604 3399 secundi
620 3327 700 3416 alia,
718 3326 837 3398 maeniis
857 3327 984 3399 exhibet
1003 3353 1092 3399 excr-

218 3443 314 3536 citum
333 3441 483 3533 Troianis
510 3440 747 3535 subjacentem,
768 3443 832 3517 unh
848 3470 922 3517 cum
943 3444 1091 3534 Priamo,

216 3587 256 3634 ex
282 3558 346 3634 uni
372 3579 485 3656 parte,
510 3579 543 3631 et
566 3540 723 3632 Helenam
746 3587 820 3633 cum
839 3560 951 3633 Paride
977 3587 1017 3633 ex
1042 3564 1091 3633 al·

215 3678 280 3751 terh
301 3680 538 3776 equitantibus·,
560 3680 654 3751 tertio
675 3677 756 3751 verb
789 3678 871 3751 libro
898 3679 1092 3775 praeinittitur

216 3798 334 3885 altera,
356 3800 390 3868 in
405 3796 474 3904 'qul
498 3796 657 3893 inspicitur
685 3797 776 3894 origo
805 3822 861 3869 seu
897 3796 1091 3868 constructio
1119 3845 1123 3851 -

185 3907 192 3992 ’.
218 3917 339 3988 urbium
372 3915 580 4013 Venetiamm
605 3969 618 4005 ,
648 3915 856 4011 Cycambri‚
892 3912 1091 4007 Carthaginis

225 4048 254 4100 et
273 4031 425 4119 Romae;
456 4051 490 4103 et
516 4057 591 4104 cum
623 4030 826 4104 tertio'libro
852 4028 1002 4101 clauditur
1029 4051 1090 4098 uo·

228 4145 324 4220 brnen
345 4149 494 4246 primum.
530 4240 543 4258 Ι

269 4265 373 4338 Fronti
400 4264 482 4339 verb
509 4265 638 4339 secundi
666 4285 698 4339 et
721 4259 829 4363 ¹quarti
867 4263 937 4335 libri
968 4262 1091 4336 videtur

237 4374 362 4476 babylon
390 4402 423 4455 et
451 4384 648 4457 constructio
678 4384 768 4454 turris
800 4407 895 4479 quam
922 4377 1091 4451 Nembrod

242 4517 353 4571 armatus
375 4500 536 4598 Giganteo
558 4527 649 4574 more
670 4500 805 4597 aspicit,
829 4498 913 4570 etin
938 4494 1090 4598 superiori

243 4630 312 4701 Pme
330 4638 411 4692 extat
429 4599 531 4766 '-
546 4638 682 4696 aeternus
695 4611 778 4693 'cum
807 4615 921 4712 angelo
945 4636 1012 4684 uno
1035 4609 1092 4681 alis

863 4729 946 4805 Tiu
