2884 6550
418 1439 451 1510 A
474 1439 509 1513 N
531 1439 567 1512 N
591 1439 627 1511 0
680 1438 785 1533 1481:
809 1514 811 1517 Α
1013 1453 1059 1531 '41

185 1598 367 1689 quibudam
391 1598 598 1667 additionibus
605 1622 665 1687 ptr
682 1598 825 1666 humilem
839 1589 945 1665 'virttrn
962 1595 1066 1665 Heia-¹

186 1717 283 1783 ritum
315 1716 491 1810 Wirerbttrg
516 1717 552 1782 de
580 1715 664 1785 rach
690 1714 882 1807 Monatbtttrn
913 1716 948 1781 in
973 1715 1065 1782 Prio-
1192 1745 1196 1759 ·

186 1854 258 1899 rant
283 1832 383 1900 Rubti
410 1832 531 1900 Montis
553 1832 670 1901 ordinis
696 1831 905 1900 Cbtntitcensis
921 1832 978 1898 sub
999 1831 1065 1898 Lo·

184 1952 293 2034 dorico
330 1947 454 2017 Gnterit
491 1948 604 2017 Comite
636 1948 797 2044 magnifico
831 1971 919 2015 anno
948 1948 1065 2015 domini

189 2064 242 2134 Μ.
271 2063 408 2136 CCCC.
437 2063 613 2153 LXXXI,
645 2086 674 2133 et
694 2090 786 2156 ¹anno
807 2065 973 2156 precedenti
989 2061 1067 2151 sut-

186 2204 263 2251 runt
290 2207 442 2272 aquantm
478 2183 694 2250 inundationes
731 2184 876 2251 maxime
905 2201 1067 2272 renutsque
1098 2254 1104 2274 x

184 2300 343 2368 horribiles
371 2302 469 2366 multa
495 2299 611 2387 edificia
632 2300 840 2372 subvertentes.

237 2435 336 2506 Caret
357 2435 541 2530 signaturis,
564 2436 701 2507 numeris
724 2454 756 2507 et
779 2435 969 2508 custodibus.
994 2434 1066 2506 Ali-

186 2552 268 2648 qu'ot
284 2553 379 2623 habet
396 2553 507 2648 figuras
525 2554 611 2648 ligno
627 2553 758 2640 incisas,
775 2573 807 2625 et
820 2552 902 2624 facta
917 2553 1065 2624 historica

155 2669 334 2739 -desinunt
360 2695 435 2741 cum
468 2694 554 2741 anno
585 2693 689 2765 1477.
728 2670 812 2741 Vide
843 2668 967 2740 dehac
997 2667 1066 2739 edi·

188 2787 277 2855 tione
297 2785 434 2880 Prosper
458 2784 639 2857 Marchand
655 2787 775 2857 histoire
793 2789 829 2855 de
843 2788 1066 2878 l’imprirnerie‚

184 2928 260 2996 pag.
286 2923 356 2999 753
381 2901 436 2972 sed
458 2921 493 2973 ut
515 2901 656 2997 apprime
682 2904 831 2973 observat
852 2902 949 2971 abbas
970 2900 1010 2969 de
1032 2900 1067 2976 S.

190 3018 314 3113 Leger‚
340 3024 486 3111 supplent.
514 3018 535 3088 ἆ
564 3020 742 3088 Mareband
754 3072 766 3106 ‚
789 3044 866 3112 pag.
893 3016 969 3109 89,
997 3018 1067 3088 haec

190 3136 375 3229 subscriptio
393 3136 541 3230 probaret
565 3136 669 3230 potiit
692 3134 864 3205 editionem
881 3134 972 3206 fuisse
988 3160 1067 3205 auc·

193 3269 258 3320 tam
289 3271 321 3321 et
345 3272 521 3324 conectam
543 3254 576 3323 in
601 3251 717 3325 Rubeo
745 3251 860 3323 Monte
887 3249 982 3346 quim
1009 3251 1067 3322 im·

195 3393 341 3460 pressam.
378 3370 414 3440 ln
458 3373 606 3466 catalogo
639 3371 670 3440 la
703 3371 843 3441 Valliire
880 3369 940 3442 ΝΟ.
971 3391 1067 3468 4557
1152 3439 1161 3453 ,

191 3485 302 3579 legitur
315 3512 324 3556 ε
335 3485 522 3576 fasciculum
540 3489 703 3556 iunctum
718 3491 924 3558 additionibus
941 3488 1068 3557 Henriei

189 3604 226 3671 de
246 3606 421 3700 Wirerburg
431 3602 534 3693 fuisse
548 3608 637 3674 etiam
655 3606 787 3675 Colonia
801 3605 856 3674 hoe
869 3631 955 3674 anno
974 3604 1061 3695 1481

188 3722 380 3811 impressum.
636 3813 642 3822 ί

238 3838 274 3907 ln
299 3838 359 3909 hac
383 3837 521 3909 editione
550 3837 591 3908 ad
612 3828 731 3910 annum
758 3863 871 3938 1457,
893 3839 1065 3910 maximum

192 3975 240 4024 est
261 3954 443 4026 encomium
460 3953 717 4052 Typographicae
736 3957 831 4045 artis,
855 3957 901 4027 his
917 3957 1065 4050 incipiens

194 4072 321 4141 verbis:
342 4074 487 4141 librorum
505 4075 710 4165 impressionis
726 4075 850 4154 scientia
868 4076 1065 4142 subtilissima

195 4191 334 4256 omnibns
358 4193 463 4259 seculis
484 4193 626 4259 inaudito
656 4194 733 4260 eirea
754 4190 813 4258 beot
834 4210 966 4280 tempora
988 4214 1067 4280 repes

185 4309 270 4376 nitur
294 4311 328 4376 in
353 4311 422 4378 urbe
443 4308 644 4405 Magnntina.
676 4311 754 4382 Haec
775 4332 820 4380 est
843 4335 895 4380 ars
922 4313 1064 4401 artium,

193 4427 316 4494 sc‘ientia
338 4428 554 4513 scientiarum,
578 4445 638 4497 etc.

154 4666 196 4724 11
227 4637 419 4727 comedia
446 4638 510 4727 del
539 4639 676 4730 divino
702 4668 831 4754 poetae
862 4645 1063 4730 Fiotenti·
1106 4599 1307 4887 1053}-

1124 4765 1186 4902 d
