2884 6550
598 1489 648 1564 W
673 1487 710 1562 0
1038 1506 1111 1590 '429

211 1655 327 1724 dtuutim
345 1646 651 1746 deteguntur'rypogr.
671 1683 704 1723 ac
722 1661 806 1724 urbes
827 1663 863 1723 ad
880 1682 949 1744 quas
965 1669 1113 1744 pervenit,

211 1759 247 1839 pu
265 1758 307 1822 16·
328 1757 375 1821 Sic
394 1762 482 1820 etiam
503 1757 631 1821 Vicerttioe
649 1756 794 1840 Philippus
815 1759 936 1820 Albinus
953 1759 1112 1840 Aquitanus

210 1873 269 1917 uuo
284 1857 376 1937 1477,
394 1856 576 1937 imprimebat
591 1854 790 1915 vocabularium
800 1853 874 1934 juris
892 1853 993 1916 Maffei
1007 1855 1113 1941 Veggii

210 1966 233 2012 tt
249 1951 353 2036 Georg·
370 1953 486 2014 Walch.
507 1950 630 2015 Veneriis
654 1971 751 2032 1479,
764 1950 926 2030 fasciculum
950 1969 1113 2033 temporum,

209 2050 325 2108 ummo
341 2047 444 2110 Bullett
461 2050 498 2110 de
518 2048 625 2110 Bremis
643 2069 720 2109 anno
747 2049 846 2126 1478,
874 2049 1035 2129 manipulum
1058 2050 1113 2110 Cu·

209 2162 321 2209 rum:
340 2167 427 2227 quem
443 2147 656 2229 typographum
674 2148 746 2207 sicut
761 2165 789 2207 et
807 2148 911 2207 librum
922 2151 1016 2221 ,etiam
1030 2150 1112 2230 igno·

209 2247 268 2305 uuit
280 2241 474 2324 Audifftedy,
493 2242 572 2324 cujus
588 2244 671 2301 indici
690 2261 806 2323 possent
825 2245 910 2304 etiarn
929 2244 1013 2319 adjici
1030 2245 1113 2304 iunu-

210 2343 283 2417 utri3
300 2362 330 2401 v·
348 2360 377 2422 g.
398 2339 537 2401 Francisci
557 2340 592 2400 de
617 2337 729 2400 Pavinis
752 2357 882 2399 tractatus
904 2341 1111 2425 visitationum,

210 2451 270 2500 mo
295 2456 390 2518 1475,
411 2458 463 2518 pet
483 2436 593 2519 Georg.
614 2435 720 2510 Laut„
739 2455 792 2499 etc.
814 2454 870 2499 etc.

631 2631 685 2720 V,

373 2816 613 2934 vituiuruu
637 2856 648 2951 (
660 2840 923 2957 christophomsss)

237 3031 307 3098 Libri
326 3035 379 3095 sub
398 3035 458 3115 ejus
477 3038 593 3097 nomine
609 3035 758 3115 impressi,
775 3032 863 3095 Torn.
883 3033 906 3093 1.
930 3053 985 3110 ¹¹4
1001 3049 1030 3094 et
1046 3051 1112 3114 1154

197 3115 286 3190 Brauu
306 3133 359 3192 illis
378 3133 510 3214 deceptus
529 3133 593 3192 huic
616 3131 721 3190 alteros
747 3127 938 3210 adjudicavit,
956 3147 984 3190 et
1008 3133 1113 3211 priuci-

191 3221 271 3292 Pium
287 3227 368 3310 hujus
388 3233 491 3292 erroris
510 3229 665 3313 detegitur,
682 3224 770 3288 Tom.
788 3225 831 3301 1.,
849 3246 916 3309 pag.
938 3226 1007 3307 263.

512 3406 699 3478 Vtuntur-:t
720 3383 798 3475 lues.

237 3573 353 3639 Primum
369 3596 443 3657 opus
460 3576 609 3638 medicinae
629 3577 664 3636 de
683 3576 771 3656 ipsius
790 3520 938 3650 remediis,
957 3573 1006 3653 87.
1025 3592 1072 3637 20.

544 3752 761 3822 Vtuemus·

191 3965 199 3982 ,
235 3921 325 3986 Editio
346 3943 467 4005 operum
485 3925 606 4005 ignota,
620 3920 709 3981 Torn.
727 3919 751 3982 l.
773 3941 838 4000 292.

408 4101 732 4170 Vociuuttururu
755 4123 795 4166 ex
817 4120 888 4188 quo.

234 4263 393 4350 Descriptio
410 4268 541 4328 editionis
559 4270 588 4325 in
605 4266 763 4337 Atraoillo,
781 4266 846 4365 aopi
867 4264 949 4342 1467.
970 4263 1019 4325 82.
1040 4284 1086 4340 24.
1140 4273 1146 4284 '

424 4442 639 4513 Wouuttus
670 4436 877 4535 (Cephalus.)

233 4613 305 4697 Quis
336 4617 383 4676 ille
413 4613 497 4676 fuerit
531 4612 729 4695 typographus
754 4614 783 4672 in
810 4608 995 4693 Argentgnp,
1024 4606 1113 4674 Tom,
1140 4612 1143 4620 ¹
1235 4581 1241 4586 .,

200 4698 225 4768 I.
243 4713 306 4788 328.
