2884 6550
380 1502 867 1583 MANUSCRIPTI.
1013 1507 1083 1603 289

252 1640 328 1713 Rex
351 1665 460 1715 autem
482 1646 533 1717 cui
553 1646 711 1740 Philippus
737 1648 787 1717 ille
809 1646 925 1716 dicavit
948 1671 1084 1740 praesens

206 1784 312 1855 opus,
329 1782 395 1833 erat
412 1763 590 1835 Galliarum
608 1764 696 1852 Rex,
712 1765 785 1859 quia
803 1764 835 1833 in
859 1764 977 1859 picturi
995 1766 1085 1834 exhi-

207 1874 298 1947 betur
313 1878 426 1949 sede'ns
444 1882 477 1949 in
494 1881 612 1950 throno
633 1904 707 1951 curn
725 1902 857 1975 sceptro·
869 1901 900 1951 et
924 1882 998 1953 lilio.
1023 1880 1088 1952 Ca-

213 1994 295 2065 rolus
306 2016 412 2067 autem
422 1998 477 2069 V⁸.
489 1998 610 2069 curavit
621 1999 797 2068 Aristotelis
813 1999 948 2067 ethicam
962 1998 994 2067 in
1012 1998 1087 2071 Gal·
1157 1976 1159 1983 Ι

216 2108 305 2183 licum
330 2112 451 2185 idioma
473 2114 631 2185 transferri
655 2142 711 2209 per
739 2115 911 2215 Nicolaum
936 2114 1084 2191 Oresme.
1111 2120 1113 2131 '

224 2226 297 2299 Vide
310 2230 424 2325 supra,
441 2230 482 2302 ad
498 2256 617 2303 annum
637 2231 741 2321 1488.

266 2346 297 2416 ln
316 2349 453 2444 catalog.
474 2352 505 2419 la
526 2350 666 2420 Vallierc
688 2349 800 2419 eadem
827 2349 985 2422 translatio
1008 2348 1086 2448 legi-

219 2476 268 2534 'lut
284 2466 338 2537 sub
358 2468 422 2539 alio
440 2468 599 2539 nomine:
620 2473 647 2537 le
665 2471 737 2537 livre
757 2473 808 2539 des
830 2473 941 2538 donnes
964 2498 1085 2542 merus.

234 2574 316 2669 lluius
342 2603 448 2657 autem
479 2584 626 2657 redactor
652 2579 776 2680 legebat
802 2586 978 2679 Philippum
1003 2589 1087 2659 hunc

238 2692 308 2770 hiare
332 2702 590 2785 filiumstaridis.

222 2846 228 2853 ·
271 2812 376 2891 Codex
396 2821 428 2890 in
445 2816 634 2890 membranis
652 2816 743 2893 ΧΨ.
765 2817 887 2910 seculi,
904 2820 1033 2914 scriptus
1056 2816 1087 2889 in

238 2936 372 3008 aarum
399 2940 540 3009 bdtardcs
552 2991 564 3025 ,
593 2939 739 3031 capitales
767 2964 845 3009 auro
869 2960 900 3009 et
928 2938 1088 3011 coloribus

239 3044 345 3145 depictae
366 3075 450 3129 sunt.
670 3048 676 3059 '

191 3208 795 3308 ²lomzmmouzmmm1m.
828 3213 959 3311 ln.4o·
991 3238 1089 3298 vem
1154 3134 1366 3368 afficis)

241 3347 382 3456 aurique
409 3342 524 3446 dore.
1165 3368 1259 3494 M,
1268 3436 1366 3481 m

273 3509 376 3586 Codex
386 3513 439 3586 ille
450 3510 583 3585 Graecus
595 3506 708 3584 decimi
722 3513 819 3609 quinti
832 3511 944 3603 seculi,
961 3537 1026 3604 140
1038 3512 1089 3584 fo·

238 3621 328 3700 lorum
339 3683 352 3720 ‚
365 3657 406 3702 ex
422 3629 531 3702 chartd
547 3629 899 3724 constantinopolitani
908 3685 920 3718 ,
933 3631 1018 3703 unde
1036 3653 1089 3703 as-

189 3751 202 3842 i·
239 3763 355 3836 murs
364 3769 412 3820 est
422 3767 454 3818 et
470 3749 588 3843 legatus
604 3746 764 3818 Cardinali
778 3748 1021 3833 Granvellan03
1037 3751 1088 3816 in·

189 3847 192 3884 ⁵
242 3859 311 3956 *goir
323 3886 384 3955 est,
401 3885 435 3938 et
450 3867 578 3960 optimae
590 3866 850 3938 conservationis.
864 3865 992 3935 Norunt
1008 3865 1088 3934 litte-

200 4003 203 4008 ·
243 3979 417 4056 nticodices
441 3983 520 4056 Mss.
538 3983 726 4054 Onosandri
749 3982 789 4054 de
814 3979 941 4053 scientil
966 3979 1088 4048 militari

248 4103 474 4174 menstruos.
487 4099 590 4190 Hujus
601 4119 707 4172 autem
720 4101 750 4170 in
766 4098 918 4193 principio
931 4116 1036 4168 extant
1047 4097 1088 4165 in·

252 4207 497 4304 macardinalis
509 4220 690 4307 Perrenoti,
702 4243 776 4290 curn
788 4218 846 4288 hac
858 4240 959 4287 voce:
973 4218 1087 4290 orate.

278 4403 515 4498 Grammatica
540 4413 693 4496 Latina.
722 4407 865 4494 In-sol.

189 4603 203 4664 ἱ
290 4587 380 4672 coden
399 4603 581 4674 chartaceus
602 4601 716 4672 decimi
737 4600 834 4695 quinti
863 4598 967 4670 seculi.
996 4595 1089 4692 Opus

264 4693 315 4774 ihu
325 4735 361 4785 ert
376 4744 413 4789 ex
434 4745 550 4816 genere
565 4722 658 4814 partis
673 4717 818 4789 secunde
835 4717 977 4794 editionis
996 4737 1090 4812 quarn

295 4815 370 4898 Tm
387 4837 438 4908 11.
513 4875 519 4888 ·
923 4832 957 4904 r
