2884 6550
301 1418 795 1500 Manuscnrnrn
943 1447 1014 1521 299

134 1597 296 1711 Darne,
305 1630 410 1715 pour
424 1596 605 1685 Gemtain
618 1597 831 1712 Hardouyn
843 1596 1013 1706 libraire,

135 1757 219 1817 etc.
244 1733 375 1844 In-40.
396 1736 439 1816 in
464 1728 727 1834 membranis,
756 1758 846 1816 cum
873 1733 1012 1851 figuris
1123 1764 1127 1773 ·

135 1860 258 1977 ligno
287 1867 454 1968 incisis,
480 1860 638 1951 velours
669 1861 809 1952 violer.

179 2051 323 2123 Praesens
343 2053 498 2125 volumen
523 2029 638 2148 prodiit
661 2052 749 2124 initio
784 2054 858 2124 16³¹.
886 2056 1015 2147 seculi,'

130 2188 165 2241 et
182 2193 227 2241 ex
248 2171 429 2241 charactere
454 2169 543 2243 dicto
569 2173 730 2242 bdeardee:
758 2170 813 2241 sed
838 2192 950 2267 praeter
972 2174 1012 2243 fi·

130 2310 224 2383 puras
245 2286 333 2383 ligno
352 2286 488 2378 incisas,
507 2306 580 2363 sunt
603 2288 697 2361 etiam
722 2312 768 2378 24
789 2289 1011 2367 miniaturae'et

130 2406 244 2481 littera
265 2404 398 2477 initiales
414 2402 507 2477 dictae
530 2427 710 2478 tatemerem.
788 2488 790 2493 Ι

89 2646 137 2735 41
162 2620 240 2705 Les
263 2619 402 2707 heures
424 2618 473 2707 de
498 2618 777 2705 Notre-Dame
801 2646 823 2703 a
845 2618 1010 2736 l'usaige
1076 2576 1189 2737 {³⁸

139 2749 191 2836 de
211 2753 343 2837 Rome
362 2781 452 2837 sans
470 2758 659 2867 requerir.
681 2755 812 2838 In·80.
831 2757 875 2837 in
890 2783 1009 2837 mem·
1070 2756 1116 2863 spi
1206 2723 1275 2837 i-

137 2880 298 2993 branis,
319 2912 412 2997 cum
433 2883 588 3000 figuris.

178 3070 215 3140 In
236 3070 301 3143 fine
320 3068 452 3164 legitur:
467 3069 578 3160 furem
601 3071 735 3143 acheve'es
767 3077 794 3143 le
820 3074 861 3142 X
874 3071 955 3162 jour
974 3076 1018 3157 de,

132 3188 301 3265 Novembre
322 3189 381 3256 mil
407 3190 477 3282 cinq
500 3211 568 3258 cent
594 3211 622 3261 ee
650 3192 716 3258 huie
736 3215 821 3282 pour
850 3190 1008 3262 Ammine

137 3307 258 3378 Verard
269 3306 391 3375 libraire
411 3308 591 3379 demoremur
609 3333 631 3378 a
650 3309 755 3378 Parra.

181 3457 286 3532 Habet
310 3483 358 3534 20
379 3460 512 3556 picturas
533 3488 606 3536 cum
629 3463 767 3557 plurimis
797 3462 902 3536 litteris
923 3462 1008 3559 prin-

135 3574 281 3674 cipalibus
299 3597 333 3650 et
354 3577 455 3651 alteris
475 3578 564 3652 dictis
584 3603 767 3656 tournereres.

106 3813 144 3888 ῃ
168 3793 280 3877 Hore
307 3799 547 3881 intemeratae
575 3801 745 3912 virginis
776 3798 916 3880 Mariae
945 3824 1006 3880 se·
1072 3750 1215 3892 ,9,ᾳ

114 3963 118 3974 ·
149 3922 312 4010 cundum
333 3955 447 4011 usum
469 3930 695 4012 Romanum
713 3958 805 4013 cum
826 3926 1004 4039 pluribus
1123 3852 1256 4027 ΓΡ

155 4057 390 4143 orationibus
405 4086 482 4142 tam
503 4064 545 4143 in
564 4056 723 4144 Gallico
743 4088 861 4175 quam
876 4063 918 4143 in
934 4059 1004 4141 La·

158 4185 241 4268 tino.
264 4189 393 4276 [τι-80.
419 4196 463 4276 in
490 4189 755 4303 membranis,
784 4221 874 4277 cum
902 4193 1006 4306 figu-

144 4337 213 4398 ·ns.
237 4347 290 4406 m.

192 4499 293 4579 lanne
308 4509 438 4606 legitur:
457 4538 503 4582 cer
514 4535 666 4604 presentes
683 4515 784 4584 heum
801 4542 823 4584 a
839 4516 953 4610 lusaige
968 4516 1004 4583 de

89 4693 93 4750 ,Ι
164 4607 236 4696 stine
245 4623 353 4712 fierem
370 4629 503 4706 aberas
524 4634 550 4701 le
564 4634 695 4728 premier
717 4633 750 4704 d
752 4633 877 4706 octobre
909 4650 997 4729 1505
