2884 6550
546 1302 563 1367 i

461 1500 495 1583 A,
519 1500 555 1574 N
577 1500 613 1573 N
636 1500 673 1573 Ο
727 1518 832 1604 ι49ς.·
1040 1530 1109 1602 207

236 1651 347 1717 Venno
366 1666 406 1712 ne
429 1644 480 1711 etti
503 1642 586 1711 lunc
609 1642 721 1712 librum
748 1645 836 1711 ἰὶιεαι
861 1642 1027 1737 imprimere
1053 1649 1111 1717 sui

229 1764 324 1854 μή
339 1784 374 1831 ur
395 1764 433 1829 in
448 1762 563 1856 gratid.

276 1918 363 1988 Hinc
393 1915 583 2013 principium
614 1913 851 2010 privilegiorum
882 1941 942 2010 pro
971 1916 1108 1992 librariis.

230 2036 433 2107 Praemittitur
457 2034 547 2130 operi
567 2034 699 2128 epistola
721 2031 796 2102 Aldi
819 2032 859 2103 ad
881 2036 1055 2127 lectorem,
1078 2058 1111 2109 et

230 2176 301 2226 ante
318 2156 453 2225 relatam
472 2153 733 2246 subscriptionem
749 2170 832 2222 extat
849 2152 1012 2248 registrum
1030 2180 1111 2251 qua·

231 2274 414 2345 ternionum
436 2270 610 2343 secundum
634 2271 859 2367 signaturarum
889 2270 1044 2343 ordinem.
1074 2272 1109 2342 ln'

232 2391 290 2463 hac
311 2392 410 2461 etiam
432 2386 570 2461 editione
594 2389 742 2483 capitales
754 2389 924 2488 florentes,
947 2409 981 2461 ut
1002 2392 1109 2479 aiunt,

234 2507 374 2579 adhibuit
391 2504 516 2594 Aldus,
539 2530 607 2577 non
629 2503 710 2577 verd
735 2532 883 2577 numeros
911 2532 970 2579 nec
998 2528 1109 2579 custo·
1149 2532 1152 2537 ·

237 2624 312 2715 des,
334 2648 442 2721 neque
468 2624 575 2694 titulos
604 2623 638 2693 in
665 2643 754 2719 parte
782 2625 944 2718 superiori.
974 2624 1109 2696 Constat

243 2740 320 2813 iuliis
350 2740 450 2837 198,
480 2739 577 2812 editio
600 2742 763 2813 rarissima.
790 2739 872 2810 Vide
894 2738 1028 2812 Debure
1047 2740 1108 2811 ΝΟ.

246 2882 343 2932 2222.

200 3037 248 3116 16
260 3036 438 3120 Antonii
464 3036 739 3150 Vinciguerrae
762 3031 957 3117 chronici.
989 3030 1109 3117 Libet
1189 3040 1266 3141 53¹?

247 3194 375 3254 utrum
404 3165 541 3252 deceat
576 3173 792 3278 sapientem
827 3162 970 3247 ducere
1002 3189 1111 3248 uxo-
1175 3152 1287 3272 spp²¹

246 3329 323 3384 rem
347 3327 401 3382 an
431 3303 473 3382 in
499 3295 679 3382 caelibatu
705 3303 850 3382 vivere.
888 3294 1111 3408 Impressum

244 3430 432 3514 Bononiae
461 3462 534 3541 per
569 3429 769 3512 Platonem
809 3428 853 3507 de
898 3427 1111 3510 Benedictis

242 3561 502 3644 Bononiensis
549 3593 649 3642 anno
699 3561 772 3641 sal.
823 3581 968 3670 1495,
1009 3591 1111 3643 norro

241 3695 342 3778 Kal.
368 3689 461 3778 Jan.

286 3861 382 3959 Opus
407 3861 584 3933 metricum.

191 4057 262 4158 1*
292 4056 511 4173 Trialogus
543 4055 648 4140 beati
678 4055 852 4139 Antonii
880 4055 1113 4166 Archiepis-
1170 4061 1274 4145 ..ζ’

243 4196 338 4300 copi
355 4193 390 4274 F
392 4188 584 4273 lorentini
596 4215 713 4298 supet
728 4183 938 4302 evangelio
954 4184 1002 4270 de
1018 4185 1114 4270 duo·
1201 4123 1319 4285 [dusi-

244 4315 319 4405 bus
343 4319 545 4431 discipulis
574 4319 758 4402 euntibus
786 4324 828 4400 in
855 4320 1013 4401 Emaus.

191 4477 409 4606 Trialogus
448 4488 497 4573 de
534 4514 768 4598 contemptu
808 4484 946 4571 mundi
989 4486 1116 4570 fratris

257 4617 435 4729 Baptistae
470 4619 519 4704 de
559 4621 718 4701 Finaria
753 4620 946 4729 Episcopi
983 4621 1118 4707 Vinti-

204 4809 207 4814 .
267 4747 450 4838 mellensis
479 4749 632 4836 ordinis
660 4749 981 4834 Praedicatorum.
