2884 6550
237 773 241 782 1
535 771 579 931 Ι
585 766 646 929 Ι

185 733 1366 1057 -

1123 1099 1132 1115 0
1172 1096 1177 1107 ι

382 1136 387 1146 ι
917 1139 919 1143 ,

726 1292 730 1301 ι

439 1462 904 1614 ADANNUM1i90.
1091 1545 1132 1596 ιι
1196 1491 1200 1499 ’

229 1683 233 1690 ’
263 1687 327 1774 De
355 1687 607 1778 Animalibus
631 1716 672 1779 et
696 1689 940 1803 Reptilibus.

263 1821 328 1905 De
357 1821 514 1909 Avibus
540 1849 580 1908 et
605 1818 864 1912 Volatilibus.

266 1951 330 2034 De
357 1952 533 2040 Piscibus
559 1978 599 2060 et
626 1951 880 2058 Natatilibus.

266 2083 331 2166 De
358 2083 574 2194 Lapidibus
582 2089 624 2168 in
632 2107 734 2169 terre
745 2089 857 2170 venis
865 2080 1136 2177 nascentibus·

265 2213 330 2297 De
358 2215 495 2299 Urinis
522 2240 562 2299 et
586 2243 718 2301 earum
740 2214 961 2326 speciebus.

264 2343 420 2431 Tabula
446 2343 690 2432 medicinalis
711 2375 801 2431 cum
820 2343 1036 2433 directorio
1054 2375 1133 2466 ge·-

314 2473 440 2561 nerali
454 2507 525 2588 per
539 2505 678 2563 omnes
693 2500 895 2564 tractatus.

301 2700 390 2774 Talis
409 2722 456 2775 est
475 2703 578 2800 titulus
597 2703 651 2800 qui
671 2702 784 2800 legitur
804 2704 884 2776 folio
904 2703 1009 2799 primo
1030 2720 1133 2780 recto.¹

255 2819 331 2889 Una
347 2839 393 2890 est
409 2817 505 2891 editio
527 2821 608 2894 facta
625 2841 700 2916 post
716 2821 966 2916 Moguntinam,
985 2820 1042 2891 sed
1056 2821 1146 2911 huic¹

254 2934 352 3030 longi
375 2934 503 3006 inferior
524 2956 574 3007 est
597 2935 714 3031 quoad¹
727 2937 941 3007 characterem
963 2954 997 3005 et
1023 2933 1132 3029 quoad

255 3051 392 3144 figuras;
419 3051 564 3144 hancque
594 3050 736 3120 ultimam
768 3051 909 3144 suspicor
950 3049 1132 3144 impressam

256 3166 386 3235 Basileae
413 3184 467 3234 aut
494 3165 674 3260 Argentinae
704 3165 788 3235 circa
818 3188 943 3257 1490;
967 3164 1022 3236 sed
1045 3183 1133 3237 caret

256 3282 349 3353 omni
367 3281 546 3351 charactere
563 3280 637 3351 anni
656 3299 709 3352 aut
730 3281 806 3353 loci.
830 3282 952 3353 Ultima
975 3282 1132 3378 signatura

257 3397 364 3471 indicis
384 3396 536 3492 generalis
555 3415 602 3468 est
621 3423 656 3465 ιι
679 3396 740 3484 iiij.

208 3638 258 3721 23
298 3610 323 3699 J
326 3606 499 3696 uvenalis
531 3638 624 3695 cum
662 3634 920 3698 commentar.
959 3611 1129 3697 Domitii
1198 3571 1360 3697 Μὴν..

265 3738 481 3826 Calderini.
1181 3715 1366 3840 mm!

315 3910 438 3996 Persii
464 3935 601 4021 satyrae
627 3939 719 3995 cum
745 3935 1004 3997 commentar.
1034 3913 1131 3997 Bar·

264 4038 433 4125 tholom.
455 4039 607 4123 Fontii.
637 4038 781 4125 In·fol.
810 4071 865 4125 m'.
892 4071 927 4126 r.

295 4225 462 4328 juvenalis
479 4225 661 4297 terminatur
680 4250 755 4298 cum
775 4224 972 4323 signaturap
991 4228 1055 4298 iiii
1065 4281 1078 4318 ‚
1096 4246 1130 4301 et

257 4343 379 4414 Persius
401 4367 476 4414 cum
503 4341 659 4438 sigmturi
684 4369 700 4412 ι
725 4345 759 4415 ii.
790 4341 964 4417 Character
991 4364 1038 4419 est
1066 4370 1129 4443 go·

257 4461 369 4531 thicus.

210 4700 265 4775 24
296 4673 492 4791 Legendae
522 4675 757 4765 Sanctorum
783 4676 921 4791 Regni
952 4677 1128 4792 Hunga·
1160 4648 1253 4783 ”qs

812 5077 827 5124 Ι
