2884 6550
374 1479 408 1551 A
433 1479 467 1554 N
490 1480 525 1553 N
549 1481 585 1554 0
637 1481 744 1577 1481:
963 1509 1011 1591 53·

191 1616 397 1708 Francisci
413 1616 464 1703 de
483 1620 680 1704 Arsochis
705 1622 890 1711 Senensis
919 1653 1006 1712 car·

134 1776 233 1832 men
266 1745 498 1835 Bucolicum
527 1774 567 1833 et
595 1749 752 1866 eglogae
782 1756 866 1842 IV.

193 1879 251 1961 Di
278 1880 520 1965 Hieronimo
542 1883 749 1969 Benivieni
775 1884 950 2001 egloghe
979 1893 1005 1975 8

134 2008 219 2098 allo
252 2017 388 2129 sigrire
420 2012 444 2101 J
448 2010 530 2097 ulio
567 2015 722 2099 Caesare
759 2014 811 2101 da
842 2021 1004 2109 Verano

137 2141 244 2258 sigie
271 2141 315 2228 di
341 2143 567 2230 Camerino.

190 2272 379 2393 AEgloge
414 2278 483 2364 IV
517 2305 727 2389 composre
763 2277 812 2364 da
849 2282 1004 2394 Jacopo

131 2408 168 2490 F
171 2413 305 2492 iorino
326 2404 379 2491 de
402 2395 652 2524 Boninsegni
678 2409 727 2495 da
753 2410 869 2495 Siena
895 2442 1006 2499 man·

133 2536 226 2622 date
251 2536 316 2622 adi
339 2539 403 2620 111
431 2535 472 2623 di
500 2538 644 2651 Aprile
681 2543 801 2653 1468.
829 2546 966 2656 In·4⁰.

175 2727 212 2797 ln
233 2728 296 2798 line
326 2723 419 2815 hujus
446 2727 642 2801 collectionis
668 2729 804 2826 legitur:
827 2732 1004 2826 impressum

129 2845 287 2913 Florentia
312 2870 365 2936 per
383 2870 431 2913 me
452 2844 628 2920 Antonium
657 2848 864 2917 Baralrolorrui
885 2850 1006 2918 Misco·

129 2963 212 3029 mini
232 2987 287 3031 an.
309 2963 392 3033 dom.
418 2960 534 3051 1481,
555 2965 602 3032 die
627 2967 737 3033 ultimo
759 2967 914 3032 Februarii
927 2962 1006 3051 fcli-

129 3080 208 3151 citer.
231 3076 298 3149 Sub
319 3076 436 3150 eodem
457 3076 568 3150 ordine
581 3078 818 3175 :signaturarum
837 3079 1007 3151 continen-

128 3213 180 3266 tur
203 3194 274 3266 haec
295 3219 391 3291 opera
410 3195 443 3266 in
464 3193 615 3268 idiomate
636 3195 780 3267 Italiano.

85 3392 151 3500 9*
186 3388 391 3474 Ambrosii
415 3387 652 3478 Choriolani
679 3419 771 3509 gen.
804 3392 1005 3507 Augusti·

135 3527 354 3607 nianorum
380 3521 649 3607 defensoriam
673 3521 824 3607 ordinis
843 3523 1007 3609 heremi·

135 3680 264 3739 tarum
282 3652 420 3739 Sancti
434 3638 653 3770 Augustini
667 3658 941 3764 responsivum
955 3654 1008 3739 ad

132 3783 344 3870 maledicta
367 3784 668 3870 Canonicorum
698 3783 937 3898 regularium
955 3783 1009 3875 ad

136 3916 293 4003 Sixtum
319 3918 398 4004 IV.
421 3914 573 4000 In·lol.

180 4103 356 4176 Chuacter
365 4103 543 4178 Romanus.
553 4105 680 4201 Pagina
691 4124 838 4180 constant
851 4101 1012 4199 34linein

181 4217 288 4291 Editio
304 4221 373 4292 haec
389 4220 506 4316 prodiit
524 4223 635 4294 Roma
654 4220 770 4319 (1481
782 4219 805 4317 ).
820 4223 902 4312 typis
920 4219 1011 4307 Geor·

126 4339 173 4435 gii
187 4336 327 4409 linoln.
346 4337 503 4409 Continet
523 4339 619 4409 etiam
642 4340 746 4410 vitam
763 4337 868 4422 Sancti
887 4337 1011 4432 Augus-

129 4454 206 4543 tini,
223 4452 380 4551 quosdam
398 4453 491 4549 ipsius
507 4480 691 4543 sermones,
709 4477 741 4527 et
754 4456 927 4529 chionicon
940 4452 1010 4527 ord.

129 4571 177 4643 Sti
195 4571 384 4665 Augustini,
403 4591 464 4645 etc.
485 4572 582 4644 Caret
602 4573 714 4668 signat.
728 4598 843 4660 ,num
864 4593 896 4644 et
909 4591 1013 4663 cust,
1101 4655 1103 4660 Ι

130 4685 187 4761 red
202 4687 299 4762 habet
317 4689 492 4786 registrum.
502 4687 601 4771 ‘Vide
617 4687 825 4791 Audiffoedy,
840 4712 913 4784 pag.
932 4684 1014 4782 389.

785 4801 822 4877 D
839 4800 870 4894 iij
