2884 6550
359 1045 383 1098 C

464 1451 499 1526 A
519 1451 555 1529 N
578 1446 613 1526 N
636 1452 672 1526 0
726 1452 831 1551 1487.¹
1039 1476 1109 1547 107

231 1608 336 1683 multa
365 1610 529 1682 observari
555 1628 718 1705 possunt:
749 1624 797 1683 ιο.
818 1607 928 1681 raritas
956 1608 1109 1682 librorum

235 1729 401 1818 ecclesiae,
423 1752 463 1800 ac
485 1752 599 1799 eorum
620 1726 827 1824 depravatio;'
850 1744 900 1800 2⁰.
926 1726 1108 1799 mandatum

237 1845 334 1940 ipsius
351 1843 390 1917 de
406 1867 520 1918 eorum
535 1845 735 1918 correctione
754 1845 834 1916 inter
850 1844 1110 1938 imprimendum

238 1979 290 2059 3⁰,
316 1960 535 2035 determinatio
570 1962 661 2058 pretii
699 1962 779 2034 illius
820 1960 949 2033 missalis
975 1986 1035 2057 pro
1064 1980 1105 2060 15

236 2080 377 2151 florenis
413 2080 531 2152 Rheni.
570 2079 711 2173 Epistola
743 2079 795 2150 illa
827 2096 963 2173 occupat
997 2077 1109 2150 folium

232 2197 396 2292 primum;
421 2197 561 2294 sequitur
587 2194 808 2268 calendarium.
843 2194 966 2267 lr‘uerae
988 2187 1120 2292 princi-¹

231 2314 320 2409 pales
345 2315 433 2410 ligno
456 2314 562 2385 incisae
583 2333 681 2402 sunt,
702 2338 776 2385 cum
801 2310 984 2409 quibusdam
1005 2311 1109 2408 figuris

233 2456 307 2527 quae
328 2455 443 2502 omnes
461 2455 540 2502 auro
561 2449 593 2502 et
609 2431 769 2502 coloribus
790 2430 926 2502 miniatae
943 2447 1037 2516 sunt;
1057 2429 1108 2501 lit·

233 2569 309 2619 terae
330 2567 437 2620 autem
459 2566 530 2619 sunt
551 2573 591 2620 err
613 2572 655 2619 eo
681 2572 796 2644 genere
817 2547 906 2643 quod
920 2545 1036 2635 fhmrae
1052 2571 1109 2641 ap-

235 2666 376 2761 pellant,
397 2664 438 2735 ad
463 2664 595 2738 modum
620 2668 760 2757 psalterii
786 2667 867 2733 anni
893 2683 994 2761 1457.
1021 2663 1109 2733 folia

235 2808 304 2854 non
331 2784 515 2878 signantur,
541 2781 599 2854 sed
624 2800 827 2854 numerantur
859 2799 892 2851 et
922 2797 994 2851 sunt
1024 2779 1113 2848 CCC
1258 2856 1260 2859 ,

236 2900 414 2974 XXVIII.

202 3122 244 3181 12
278 3091 486 3180 Guillelrni
525 3092 575 3180 de
618 3091 752 3178 Okam
789 3058 1021 3207 quodlibeta
1057 3114 1109 3173 ex
1187 3076 1325 3184 Kx·-

247 3226 523 3312 emendatione
582 3222 767 3310 Cornelii
829 3220 1108 3307 Oudendrick.

247 3357 365 3470 Impr.
402 3359 533 3441 Paris.
567 3359 705 3441 Petrus
734 3353 887 3440 Rubeus
914 3357 1113 3476 impresaor
1160 3248 1225 3423 β’
1236 3240 1300 3413 A

248 3492 369 3602 regius
411 3492 545 3602 1487,
577 3490 636 3572 die
661 3488 870 3601 penultimd
900 3484 1109 3569 Februarii.

251 3623 300 3706 ln
313 3637 404 3733 -40.
432 3648 545 3705 mr.

287 3808 358 3881 Jam
386 3778 426 3879 ab
453 3809 520 3880 hoe
548 3832 634 3882 anno
659 3806 817 3904 principes
850 3831 925 3878 suos
952 3804 1111 3876 habebant

242 3924 504 4026 Typographos..

207 4147 246 4228 ¹3
270 4122 389 4206 Marii
410 4117 604 4232 Philelphi
619 4125 763 4241 equitis
782 4119 906 4202 aurati
925 4137 966 4198 et
983 4137 1111 4224 poene
1184 4068 1295 4200 Εἴ·

251 4251 411 4338 laureati
430 4251 725 4366 epistolarium,
743 4249 885 4335 edente
903 4244 1110 4331 Ludovico
1163 4258 1231 4384 sp
1244 4180 1305 4375 A

250 4382 463 4470 Mondello
499 4383 650 4470 ordinis
683 4385 903 4467 Minorum.
950 4376 1109 4491 Impres-

254 4548 334 4600 sum
383 4515 596 4602 Mediolani
628 4548 701 4627 per
743 4546 843 4630 mog.
892 4510 1110 4596 'Uldericum

251 4645 514 4764 Seinpinpeller
556 4647 802 4737 Allamonum
854 4676 954 4728 anno
1008 4641 1108 4726 dom.
