2884 6550
187 1127 190 1132 .
247 1075 252 1081 1
297 1091 304 1115 Ι

1240 1135 1247 1149 .

394 1412 428 1483 A
451 1412 485 1485 N
509 1409 545 1484 N
568 1411 604 1483 O
659 1410 764 1506 1481.
958 1473 963 1482 .
1001 1425 1048 1513 '43

172 1549 276 1650 priori
287 1566 380 1623 cantu
392 1549 532 1640 Inferni,
549 1550 665 1622 habeat
681 1550 806 1645 insuper
821 1572 865 1644 17
882 1548 956 1622 alias
972 1576 1054 1645 prae-

178 1673 255 1740 fixas
278 1694 321 1762 19
360 1653 493 1740 rioribus
511 1668 676 1758 cantibus,
692 1670 735 1739 ita
749 1686 854 1739 tamen
872 1689 907 1741 ut
927 1670 987 1740 illae
1007 1693 1053 1762 17

179 1694 376 1881 agglutinsse
387 1784 501 1856 fuerint
514 1808 546 1856 et
556 1806 629 1879 post
637 1786 876 1880 impressionem
887 1785 1052 1882 adaptatae.

225 1920 274 1976 2⁰.
301 1900 406 1994 Qubd
437 1930 457 1973 a
484 1922 578 1973 cautu
610 1913 680 2001 15²⁰
719 1902 856 1973 Paradisi
886 1902 928 1972 ad
956 1905 1052 1976 finem

173 2046 274 2117 usque
303 2024 396 2116 33²⁵,
424 2021 528 2091 alterae
561 2022 605 2092 16
630 2039 739 2091 extent
764 2020 874 2115 figurae'
897 2046 994 2092 manu
1019 2040 1053 2092 et

173 2138 280 2233 pounb
315 2138 511 2225 delineatae,
540 2136 581 2207 ad
617 2162 766 2208 normam
797 2159 830 2209 et
865 2136 1053 2211 methodum

171 2281 241 2325 rum
275 2280 349 2351 quae
382 2280 441 2349 pro
472 2252 600 2324 lnfemo
628 2254 753 2325 fuerunt
781 2255 913 2343 incisae,
939 2256 982 2326 ita
1001 2252 1052 2344 ju·

170 2372 349 2445 dicanribus
377 2371 534 2444 nonnullis
560 2369 645 2466 apud
671 2370 790 2442 ltaliam
814 2372 846 2441 in
868 2374 928 2444 hnc
949 2391 1052 2443 mate-

174 2489 219 2560 rirl
243 2489 361 2584 peritis.
797 2507 799 2509 ’

221 2604 431 2676 Existentiam
458 2604 683 2678 novemdecim
713 2594 881 2701 figurarum
908 2605 1053 2698 tantum,

174 2748 235 2795 nec
257 2748 369 2793 earum
402 2721 434 2791 in
464 2720 577 2812 majori
603 2723 774 2819 quantitate
798 2724 940 2794 notitiam
972 2750 1053 2818 pro·

175 2842 233 2911 but
259 2843 420 2934 exemplar
451 2839 540 2936 quod
559 2843 695 2911 'extabat
720 2842 753 2910 in
778 2842 926 2936 catalogo
950 2841 1054 2911 Pinel·

178 2958 292 3046 bano,
320 2958 353 3027 in
381 2981 471 3053 qu0,
493 2977 606 3052 praeter
633 2958 710 3053 duas
732 2958 865 3044 incisas,
889 2958 963 3025 alias
983 2981 1055 3051 sep·

176 3074 346 3147 temdecim
362 3100 458 3145 manu
477 3094 510 3145 et
528 3075 632 3169 pennrl
655 3076 792 3170 suppleri
815 3091 980 3144 curaverat
997 3099 1054 3146 cu·

177 3193 277 3261 riosus
303 3210 335 3262 et
362 3193 473 3262 artium
507 3192 680 3263 liberalium
703 3211 863 3286 patronus.

229 3309 313 3399 Quis
340 3331 442 3380 autem
469 3310 561 3381 fuerit
587 3311 755 3405 figurarum
779 3309 893 3379 incisor
918 3309 972 3378 vix
994 3333 1054 3403 po-
1164 3326 1167 3331 ’

182 3445 241 3497 test
265 3424 438 3512 affirmari,
466 3453 533 3498 non
560 3428 755 3498 obstantibus
782 3425 1052 3522 disquisitionibus.

178 3543 295 3614 Praeter
316 3571 355 3614 ea
377 3571 448 3640 quae
469 3543 591 3640 suprb,
614 3545 668 3614 ubi
692 3548 728 3612 de
746 3546 862 3614 Bettini
883 3569 984 3614 monne
1004 3567 1053 3614 sto

176 3665 209 3732 di
233 3665 286 3731 dio
318 3663 436 3732 dictum
463 3683 532 3749 est,
556 3661 626 3742 ,cluo
655 3659 704 3733 bic
728 3658 887 3748 subjiciam
910 3663 1053 3732 testimo·

176 3779 227 3850 uit
260 3806 332 3875 quae
361 3779 478 3852 fuciunt
505 3805 566 3874 pro
593 3777 777 3850 Alexandro
804 3779 957 3852 Boticelli.

231 3934 279 3985 ιο.
310 3915 444 4002 vasari,
478 3935 565 4009 parte
600 3913 738 3985 secundi
772 3918 831 3985 uite
854 3917 901 3983 dei
921 3917 1053 4005 pictori,

178 4035 247 4103 edit.
272 4034 424 4100 Romanu
447 4034 570 4101 Botturi
582 4058 659 4127 pag.
691 4036 787 4121 446,
812 4048 907 4126 agens
930 4030 970 4100 de
990 4031 1055 4100 Bo·

180 4150 313 4234 tirello,
338 4147 432 4222 dicit:
463 4150 636 4219 commento
659 4176 726 4220 una
760 4172 848 4239 parre
883 4151 916 4216 di
943 4149 1054 4215 Dante

180 4294 196 4337 ι
213 4269 318 4363 figuro
342 4273 373 4336 lo
402 4265 528 4356 Injcmo
553 4294 569 4336 e
596 4272 628 4336 la
649 4271 723 4338 mise
751 4270 785 4335 in
813 4289 935 4356 stampa
961 4266 1053 4334 dictio

179 4389 215 4456 al
238 4388 329 4481 quale
352 4409 496 4454 consumo
520 4386 553 4453 di
578 4389 673 4453 multo
694 4407 802 4475 tempo.

230 4520 285 4595 2⁰.
320 4521 404 4592 Gori
431 4520 609 4592 Gnndellini
635 4520 752 4591 Sanese
778 4521 811 4591 in
837 4524 957 4616 Norizie
982 4524 1055 4589 isto·

181 4639 257 4711 riche
290 4640 367 4737 degl'
399 4641 617 4736 intagliatori,
647 4641 735 4729 impr.
765 4642 799 4707 in
827 4643 921 4709 Sieua
951 4661 1053 4728 1771.
