2884 6550
411 1064 455 1113 22
617 1042 710 1115 ΗΒ.
743 1039 808 1112 ΑΒ
840 1027 969 1114 ΑΝΝ.Ι
1002 1038 1116 1132 ¹4803
1221 984 1223 987 Ι

227 1147 294 1346 (A)
412 1223 461 1309 52
491 1194 701 1307 Speculum
731 1195 879 1281 morale
906 1200 1113 1284 Vincentii
1147 1193 1331 1285 Bellova.

462 1326 798 1414 censi5.1n-fol.
1285 1365 1290 1380 ..
1360 1375 1362 1378 ,

504 1519 627 1590 folium
644 1511 786 1591 ultiinurn
808 1520 989 1591 terminatur
1004 1544 1077 1591 cunt
1093 1518 1187 1591 unicti
1207 1521 1331 1593 colunt·

454 1636 496 1708 nrt
522 1641 565 1735 56
585 1637 759 1725 linearum,
780 1662 912 1733 quarum
935 1619 1043 1707 uitirna
1062 1638 1104 1707 sic
1128 1637 1249 1710 habet:
1267 1664 1331 1729 spe»

454 1762 555 1826 cultam
578 1760 691 1823 morale
702 1756 791 1846 finit
814 1753 949 1824 Caererae
965 1756 1122 1825 columnae
1144 1753 1266 1825 habent
1288 1756 1332 1853 56

454 1873 561 1945 lineas.
588 1870 685 1941 Caret
706 1872 837 1966 signat,
859 1895 947 1942 nunt.
975 1889 1007 1941 et
1023 1869 1215 1943 custodibus.
1239 1871 1329 1942 Cha-

455 2009 557 2058 taeter
575 1990 729 2082 pertinere
750 1986 871 2057 videtur
893 1987 934 2058 ad
956 1987 1100 2066 Ulricurn
1121 1987 1192 2058 zell
1212 1987 1331 2085 Typo·

454 2104 608 2200 graphurn
631 2104 871 2175 Coloniensern.

237 2298 343 2428 ff?
409 2323 457 2414 53
491 2302 697 2386 Vincentii
724 2298 1016 2385 Bellovacensis
1039 2299 1188 2411 speculi
1212 2328 1329 2387 natu·

151 2506 155 2516 ,
198 2408 413 2585 jos-ff
461 2431 553 2519 ralis
586 2431 676 2515 libri
712 2460 778 2546 33.
816 2430 947 2541 (circa
985 2432 1140 2545 1483.)
1168 2432 1329 2518 In-soi

180 2595 188 2610 ·
234 2580 251 2603 '‘
462 2572 651 2653 maximo.

499 2756 674 2828 Charaeter
700 2757 856 2851 pertinere
886 2752 1010 2824 videtur
1037 2751 1076 2823 ad
1101 2753 1263 2826 Joannern
1291 2756 1330 2829 de

450 2875 634 2947 Amerbach
670 2873 881 2943 Basiieensent
922 2869 1189 2966 Typographurn.
1230 2872 1331 2947 Caret

303 3047 306 3054 .
449 2992 583 3084 signat,
607 3013 694 3058 num.
724 3011 755 3059 et
780 2986 903 3060 custod.
935 2986 1104 3058 Columnae
1136 3013 1197 3082 pro
1231 2992 1329 3064 solito

450 3103 567 3175 habent
592 3107 637 3197 69
660 3105 768 3175 lineas.

499 3218 647 3310 Ejusdem
667 3223 801 3294 auctoris
824 3241 910 3294 extat
930 3222 989 3292 alia
1010 3220 1105 3292 editio
1125 3227 1237 3314 speculi
1259 3228 1328 3298 Iris·

449 3343 587 3429 cotialis,
604 3367 643 3411 ex
657 3339 771 3410 eodem
785 3340 850 3410 fere
863 3340 1042 3410 charactere
1062 3366 1099 3411 ac
1115 3345 1195 3410 anni
1211 3367 1281 3437 147
1285 3369 1301 3439 3
1316 3369 1329 3430 ;

449 3458 504 3531 sed
528 3460 645 3555 absque
667 3458 740 3529 anni
761 3457 837 3528 nota
849 3510 861 3543 ,
887 3457 951 3527 loci
979 3476 1010 3551 et
1031 3437 1271 3553 Typngraphi‚
1296 3480 1328 3532 et

415 3606 418 3612 ’
448 3577 515 3647 sine
532 3575 692 3671 signaturis
710 3601 719 3647 ε
740 3572 827 3666 cujus
846 3574 1004 3646 columnae
1025 3574 1154 3670 integrae
1177 3596 1329 3650 constant

448 3697 495 3790 67
521 3693 618 3767 lineis.

92 3821 147 3967 ·
233 3833 311 4040 β
399 3917 454 4003 54
479 3889 601 3977 Viola
635 3916 876 3982 sanctorum.
903 3843 1039 3972 Infoi.

491 4059 693 4130 Terminatur
712 4060 791 4130 folio
811 4079 900 4131 recto
922 4085 995 4130 curn
1024 4078 1063 4156 15
1089 4055 1175 4127 lineis
1198 4108 1210 4145 ,
1243 4085 1324 4154 qua·

302 4219 318 4243 2
444 4203 515 4249 rutn
532 4176 640 4248 ultitna
659 4177 702 4247 sic
719 4177 813 4247 habet
826 4203 835 4247 ε
844 4178 923 4266 finit
936 4180 1019 4246 viola
1035 4198 1167 4259 sanctor.
1180 4175 1324 4264 feliciter.

181 4394 184 4401 ι
332 4294 335 4299 ’
385 4404 387 4407 Ι
443 4295 528 4370 Vide
555 4297 584 4367 la
612 4282 752 4366 Valliere
780 4293 841 4366 ΝΟ.
873 4300 999 4386 4114,
1024 4294 1077 4365 ubi
1106 4293 1323 4382 describitur3
