2884 6550
373 1082 423 1150 42
641 1056 850 1130 irunt
898 1051 1031 1172 suu

427 1244 486 1299 no
510 1215 642 1309 Dante
668 1212 864 1328 Alighieri
898 1212 964 1298 col
994 1238 1228 1297 commento
1257 1209 1300 1297 di

426 1345 716 1457 Christophoto
738 1345 926 1429 Londino
950 1346 1203 1429 Fiotentino.
1236 1347 1302 1427 ln·

427 1474 530 1562 solio
545 1483 746 1583 maximo,
767 1475 886 1587 (curn
906 1504 955 1585 19
980 1479 1052 1592 fig.
1071 1482 1138 1559 aeri
1160 1480 1299 1559 incisis

428 1635 469 1693 et
499 1614 548 1694 16
580 1606 712 1720 penui
740 1606 945 1693 delineatis
975 1636 1023 1691 ex
1051 1606 1142 1692 eod.
1172 1611 1297 1723 genio

428 1739 642 1855 eademque
660 1738 896 1850 methodo)
919 1769 973 1822 m.
992 1769 1028 1823 r.

467 1928 592 2023 Legitur
618 1931 651 1998 in
681 1930 745 1999 fine
772 1928 852 1999 folio
881 1952 1005 1998 verso:
1037 1931 1114 1998 Fine
1140 1932 1190 1998 dd
1217 1954 1298 1998 com·

420 2066 522 2112 mento
550 2047 582 2113 di
611 2046 823 2136 Chrisropboro
850 2046 996 2113 Landr'rto
1018 2046 1221 2132 Florentino,
1250 2069 1297 2113 so·

416 2187 480 2254 pra
497 2165 531 2229 Ia
551 2162 691 2230 Comedia
718 2166 751 2230 di
774 2164 904 2230 Dantbe
919 2183 1011 2253 poeta
1032 2164 1298 2247 excellrntissimo,

419 2299 452 2345 tt
481 2279 622 2369 impresso
651 2282 686 2347 in
716 2282 838 2374 dirrare
857 2305 914 2370 ptr
939 2278 1069 2346 Niclrolo
1101 2279 1135 2345 di
1164 2278 1299 2372 Lorcnro

421 2397 501 2462 dello
531 2422 646 2491 magua
681 2398 734 2464 adi
765 2397 882 2465 XXX
908 2395 1054 2489 Dagosto
1087 2392 1136 2465 M.
1157 2392 1299 2481 CCCC.

422 2509 586 2582 LXXXI.

468 2627 699 2701 Praemittuntur
727 2652 769 2698 12
791 2628 867 2698 folia
890 2628 1196 2722 prolegomenorunt
1216 2626 1300 2696 Lan·

421 2743 496 2817 dini.
530 2744 755 2817 Tredecintum
795 2745 900 2815 aibutn
935 2764 1010 2833 est,
1044 2764 1076 2814 et
1106 2740 1172 2826 eius
1203 2768 1301 2813 verso

421 2880 506 2932 extat
532 2863 625 2932 etiam
649 2863 874 2955 frontispicium
903 2858 1244 2955 pennddelineatum,
1267 2879 1298 2930 et

422 3002 497 3047 cum
536 2977 797 3072 epratuotdecimo
830 2978 936 3072 incipit
967 2997 1069 3047 textus
1099 3002 1173 3047 cum
1209 3000 1301 3046 corn-

422 3111 560 3180 mento‚
587 3095 618 3163 in
648 3091 735 3183 cujus
759 3116 846 3190 parte
870 3096 1009 3165 inferiori
1032 3113 1116 3164 extat
1134 3119 1196 3163 una
1220 3094 1300 3188 figu-

422 3234 458 3279 ta
488 3210 541 3279 aeri
574 3210 668 3282 incisa
695 3232 727 3284 et
754 3214 869 3285 charta:
896 3212 1085 3301 adhaereto,
1113 3211 1232 3307 absque
1256 3208 1298 3280 ed

422 3324 510 3422 qudd
540 3330 726 3422 agglutinata
754 3330 870 3418 fuerit,
898 3333 977 3402 sicut
1002 3349 1034 3400 et
1060 3327 1197 3415 secunda
1226 3353 1296 3424 quae

422 3444 526 3515 cantui
553 3444 692 3517 secundo
721 3449 924 3541 praemittitur.

469 3561 568 3633 Caret
587 3565 722 3634 numetis
745 3585 776 3636 et
793 3564 994 3651 custodibus,
1012 3561 1067 3632 scd
1083 3563 1177 3632 habet
1195 3561 1298 3656 signa·

421 3698 516 3751 tutas.
542 3681 577 3750 In
600 3682 659 3777 hac
680 3681 820 3753 editione
844 3709 903 3776 pro
932 3682 1025 3752 solito
1047 3682 1166 3750 lacunae
1190 3699 1295 3750 extant

421 3796 454 3866 in
477 3799 630 3894 principio
665 3794 828 3886 cuiuslibet
858 3797 995 3885 cantfis,
1023 3795 1087 3867 tam
1106 3797 1138 3865 in
1164 3797 1296 3866 inferno

422 3913 517 4007 quim
548 3915 736 4011 Purgatorio
773 3937 805 3986 et
842 3916 1002 3987 Paradiso.
1039 3912 1104 3984 Sed
1139 3916 1297 4007 peculiare

421 4029 516 4099 habet
549 4032 611 4100 hoc
638 4035 823 4126 exemplat,
855 4031 1004 4128 quodque
1038 4032 1164 4100 unicum
1192 4049 1297 4124 potest

308 4203 334 4221 .-
423 4147 571 4243 appellari
604 4151 720 4243 absque
750 4149 1003 4220 contradictionis
1032 4147 1222 4217 formidine:

478 4263 774 4360 1⁰.Quddptaetet
797 4266 872 4337 duas
891 4267 1010 4360 priores
1029 4266 1080 4361 fig.
1101 4290 1161 4360 pro
1181 4262 1297 4360 duplici
