2884 6550
400 1075 449 1180 {48

670 1076 877 1150 LIBRI
925 1073 1056 1149 SUB

458 1217 686 1328 corrigente
706 1203 904 1299 credente
925 1214 1164 1298 Hieronimo
1182 1213 1326 1330 Squar·

457 1349 601 1432 zafico.
641 1340 829 1460 Imprssri·
845 1347 889 1429 V
884 1346 1014 1426 enetiis
1044 1376 1101 1456 ,ρ’
1118 1344 1323 1458 Raynaldi

457 1477 502 1562 de
527 1478 762 1590 Novimagio
787 1509 887 1559 anno
918 1477 1060 1557 domini
1079 1477 1140 1557 M.
1164 1478 1321 1561 CCCC.

457 1615 559 1696 decio
578 1611 636 1693 die
652 1608 770 1719 Maij.
796 1604 935 1690 ln-fol.
961 1635 1012 1688 m.
1037 1634 1071 1688 r.

496 1798 633 1869 Denarii
649 1796 790 1883 numeri,
807 1814 841 1867 ut
857 1794 1004 1882 videtur,
1022 1795 1229 1883 omittuntur3
1242 1796 1319 1867 undi

450 1914 613 2011 supplendi
634 1932 706 1984 sunt
728 1914 801 1983 anni
825 1911 895 2003 81,
918 1912 982 1984 hoc
1008 1914 1093 1982 enim
1118 1937 1207 1990 anno
1232 1933 1264 1984 et
1284 1936 1319 1983 er

451 2030 567 2103 eodem
594 2030 773 2101 charactere
805 2028 889 2100 idem
919 2027 1156 2124 Typographus
1186 2030 1320 2124 vulgavit

450 2145 590 2239 ejusdem
612 2144 741 2240 losephi
760 2148 852 2216 libros
872 2149 907 2215 de
926 2149 1001 2216 bello
1023 2147 1154 2217 ludaico
1172 2167 1202 2215 et
1220 2166 1320 2215 contra

453 2268 637 2359 Appionem.

224 2415 346 2559 iffi
403 2470 458 2531 20
480 2437 643 2524 Missale
659 2433 874 2523 secundum
893 2463 1006 2523 usum
1023 2433 1175 2522 ordinis
1189 2436 1318 2522 Sancti

208 2596 355 2811 apul..

454 2570 675 2658 Benedicti.
702 2566 840 2653 Inlol.
858 2572 901 2654 in
920 2568 1173 2686 pergameni.
1192 2598 1246 2653 ιιι.
1269 2600 1303 2653 ι.

497 2759 533 2831 In
556 2761 619 2831 fine
645 2758 778 2855 legitur:
801 2762 847 2827 ad
866 2760 1009 2829 honorem
1038 2760 1253 2850 omnipotentis
1279 2758 1321 2826 dci

447 2879 715 2975 gloriosissimeque
753 2878 892 2971 Virginis
928 2876 1031 2945 Marii
1061 2899 1088 2945 u
1113 2878 1223 2945 Sancti
1255 2876 1321 2943 Mi·

451 2995 558 3063 chaelis
568 2992 647 3082 finit
654 2987 783 3078 feliciter
798 2995 935 3062 divinum
951 2995 1005 3062 lroc
1023 2993 1154 3063 Missalc
1172 2992 1321 3062 sacerrimi

450 3110 567 3176 ordinis
588 3111 665 3176 beati
689 3110 830 3176 benedicti
846 3135 903 3201 per
930 3112 1047 3181 Joian.
1080 3109 1323 3194 Sensensclrmidt

450 3225 485 3295 in
505 3227 618 3295 montis
640 3224 864 3296 Monaclrorrun
886 3231 951 3297 loro
967 3253 1060 3324 penes
1077 3229 1208 3297 nobilem
1225 3230 1322 3298 urben

450 3343 722 3437 Babenbrrgenscm
744 3369 831 3410 anno
853 3369 984 3436 aperui
1006 3346 1144 3440 Virginis
1167 3343 1323 3434 salunfuo

449 3457 500 3533 M.
521 3457 655 3531 CCCC.
677 3457 828 3529 LXXXI
851 3463 897 3529 die
917 3463 1053 3532 XXXI
1069 3462 1170 3547 Juo‘i,
1188 3481 1252 3534 etc.

497 3591 724 3668 Desiderantur
747 3595 892 3669 custodes
910 3624 947 3669 ac
969 3598 1154 3693 signaturae,
1173 3594 1229 3668 sed
1249 3597 1323 3668 folia

449 3712 603 3786 methodo
618 3713 767 3786 Romani
782 3735 984 3785 numerantur
1001 3734 1032 3784 et
1052 3733 1124 3784 sunt
1140 3713 1203 3783 CC
1221 3714 1321 3799 LVII,

447 3856 515 3901 non
538 3833 707 3902 numeratis
730 3850 868 3927 quatuor
889 3831 970 3902 foliis
992 3829 1158 3903 calendarii
1175 3851 1208 3901 et
1228 3832 1322 3901 bene·

449 3943 596 4018 <fictionis
626 3949 726 4034 salis,
761 3972 833 4043 quae
868 3967 1010 4043 praeeunt
1041 3948 1165 4018 missali.
1200 3947 1322 4018 Litterae

448 4047 633 4156 principales
649 4062 781 4158 depictae
799 4085 894 4151 sunt,
916 4084 948 4135 et
964 4062 1108 4160 quaedam
1129 4064 1247 4158 figurae.
1266 4062 1322 4133 De

449 4178 514 4249 hoc
538 4177 611 4249 vide
635 4176 770 4274 Prosper
792 4180 969 4255 Marchand
991 4184 1112 4280 histoire
1131 4183 1166 4250 de
1191 4181 1322 4272 l’impri-

448 4321 546 4369 mure.
1354 4370 1357 4379 1

1193 4420 1240 4480 21
1266 4393 1321 4478 Di
