2884 6550
385 1080 433 1154 60
648 1074 857 1150 LIBRI
906 1073 1038 1148 SUB

446 1214 615 1304 Veneriis
643 1210 839 1295 Erkardus
868 1209 1027 1296 Ratdolt
1065 1212 1210 1322 1482,
1243 1242 1307 1293 oc·

441 1347 538 1429 tovis
562 1344 732 1427 Kalend.
769 1341 894 1428 lunii.
921 1338 1076 1426 In-fol.

483 1495 675 1566 Enrrto
712 1509 986 1565 PRthEPs.

482 1651 585 1747 Operi
607 1649 802 1746 praemittitur
829 1652 955 1741 epistola
976 1649 1108 1720 Ratdolt.
1127 1649 1307 1744 typographi

436 1772 481 1842 ad
495 1770 617 1841 Joann.
640 1768 825 1861 Mocenlgo,
846 1784 880 1838 et
899 1767 932 1836 in
951 1766 1015 1837 hoc
1032 1765 1203 1859 exemplari
1223 1787 1308 1840 atra-

435 1904 545 1958 mento
566 1908 638 1955 usus
661 1902 707 1955 est
730 1884 814 1959 attrei
833 1883 960 1954 coloris.
981 1882 1066 1957 Hinc
1087 1882 1206 1977 aliquot
1232 1906 1307 1951 auc-

436 2020 520 2072 tores
541 2000 648 2074 dixere
672 2002 907 2097 typographum
929 2002 1013 2074 hunc
1036 2000 1223 2094 impressisse
1239 1999 1307 2074 Eu·

436 2119 539 2188 elidem
562 2141 636 2188 cunr
662 2120 890 2192 characteribus
912 2118 1023 2191 aureis.

484 2233 653 2306 Rarissitna
671 2256 744 2307 sunt
765 2233 856 2325 hujus
883 2236 1004 2332 generis
1028 2233 1227 2329 exemplaria.

392 2436 439 2496 11
475 2410 714 2495 Exhortatio
738 2410 788 2494 de
811 2407 1076 2497 celebratione
1100 2411 1216 2493 misse
1238 2437 1306 2519 per

193 2566 256 2722 sp
206 2369 332 2712 fif
443 2539 608 2628 modum
629 2541 810 2657 dialogi
799 2568 901 2627 rnter
923 2543 1157 2627 Pontificem
1171 2567 1221 2628 et
1239 2545 1307 2627 Sa·

444 2671 663 2759 cerdotem.
691 2678 826 2776 In·4⁰.

483 2841 519 2912 In
538 2843 600 2915 fine
621 2845 758 2941 legitur:
786 2849 925 2939 Explicit
947 2847 1115 2918 exhortaao
1145 2868 1198 2920 ete.
1222 2869 1309 2916 anno

438 2958 601 3047 ἰωή.

485 3074 603 3170 Pagina
628 3079 736 3149 ultima
761 3105 801 3155 ex
825 3083 998 3176 271ineis3
1019 3108 1058 3154 ex
1084 3107 1106 3177 9
1128 3081 1231 3152 foliis:
1259 3081 1310 3157 fo·

436 3189 478 3263 lia
503 3194 671 3290 signantur.
709 3197 833 3269 Litterae
867 3202 1051 3297 principales
1086 3201 1172 3296 ligno
1204 3199 1308 3271 incisae

438 3330 510 3382 sunt
538 3311 577 3382 ad
601 3312 738 3386 formam
768 3342 876 3390 earum
902 3320 1014 3416 quibus
1040 3318 1153 3391 Richel
1181 3317 1309 3389 Basileae

438 3428 582 3502 utebatur
603 3457 662 3526 pro
685 3435 808 3507 Bibliis.

198 3552 318 3774 pff(
387 3613 443 3669 12
476 3587 722 3679 Bartholom.
759 3592 808 3678 dc
840 3590 1106 3678 Glanvillade
1128 3596 1307 3702 proprie·

162 3694 366 3863 lm&
448 3718 593 3804 tatibus
614 3752 757 3808 rerum.
791 3723 965 3838 Impress
988 3757 1062 3937 per
1085 3725 1189 3806 Patr.
1224 3723 1309 3806 Un-

99 3868 102 3873 ’
191 3770 287 3944 j
441 3879 598 3969 gamm,
620 3854 688 3937 sub
712 3889 811 3941 anno
834 3857 932 3939 dom.
955 3858 1091 3938 milles
1114 3853 1309 3967 quodsing.

337 3982 341 3991 ’
446 3987 693 4095 octuagesimo
722 3988 881 4070 secundo
918 3989 977 4083 die
1010 4019 1097 4069 veto
1131 3985 1311 4070 Novem·

445 4109 533 4193 bria.
561 4111 683 4200 XXI.
713 4114 860 4201 ln-fol.

201 4273 320 4390 W?
393 4304 441 4388 13
473 4281 532 4368 Le
567 4279 665 4372 livre
699 4284 771 4374 des
809 4286 1030 4400 propric'te's
1064 4284 1134 4373 des
1170 4287 1309 4372 choses
