2884 6550
362 1480 396 1554 n
420 1481 456 1555 N
476 1483 512 1556 N
536 1484 573 1556 0
626 1482 732 1580 1486.
942 1504 1010 1565 ror'

180 1657 289 1745 loon.
321 1657 535 1743 Simonetae
570 1686 632 1744 res
668 1684 790 1774 gestat
820 1672 850 1745 'a
877 1658 1008 1749 Fran-
1044 1630 1264 1845 ἶ

180 1817 249 1874 sco
270 1789 412 1875 Slortia
443 1786 741 1877 Mediolanens.
774 1789 888 1877 duce.
921 1795 1008 1878 Art-

180 1921 265 2034 nius
287 1919 451 2006 Zarutrts
480 1922 667 2034 impressit
689 1911 907 2034 Mediolani
931 1957 1006 2007 rto-

180 2083 192 2129 >
233 2050 435 2135 Kalendas
486 2048 665 2135 Octobres
709 2053 779 2139 M.
825 2053 1007 2141 CCCC

182 2181 409 2273 XXXVI.
441 2178 602 2268 ln·f0l.v
680 2233 683 2239 -
780 2250 782 2253 .
1062 2170 1064 2175 ’

180 2370 377 2442 Praenrittitur
392 2370 521 2466 epistola
537 2370 692 2443 Francisci
708 2371 881 2449 Puteolani.
899 2372 1004 2446 Editio

180 2487 321 2559 cmirrlus
345 2507 392 2559 est
410 2488 535 2583 elegans
556 2483 600 2560 ei*
617 2512 712 2584 quam
736 2487 893 2563 Zarothus
914 2516 1003 2563 anno

180 2627 225 2697 79
251 2602 372 2690 edidit3
398 2604 453 2675 sed
480 2606 544 2676 hoc
572 2605 732 2700 exemplar
758 2606 903 2702 singulari
930 2632 1004 2678 rne-
1151 2647 1156 2654 ·

180 2746 190 2791 t
211 2718 327 2817 gaudet
347 2745 416 2793 esse
433 2721 562 2794 unicum
584 2721 694 2793 in'suo
716 2746 855 2817 genere;
877 2723 1003 2795 exhibet

180 2862 219 2907 nr
238 2859 329 2909 veras
350 2836 467 2933 effigies
489 2856 624 2935 quatuor
640 2838 764 2911 Sfortiae
780 2840 880 2934 gentis
897 2839 1003 2927 viros,

180 2971 289 3049 gauter
308 2952 446 3050 depictas
463 2972 495 3025 et
510 2953 710 3049 depromptas
727 2982 767 3026 ex
783 2955 1003 3049 originalibus,

180 3067 329 3166 adaptata
345 3088 417 3143 sunt
432 3072 507 3143 loco
522 3071 571 3144 IV
587 3071 767 3144 litterarum.
774 3069 1001 3166 principalium.
1096 3116 1098 3119 v

179 3346 191 3371 .
219 3285 390 3371 Thomae
415 3290 529 3370 tertia
553 3315 656 3398 pars.
681 3284 800 3399 Impr.
832 3286 880 3373 V
872 3288 1001 3370 enetiis
1100 3299 1141 3404 ί,

180 3418 360 3502 tr'nardin.
383 3419 428 3500 de
452 3418 491 3501 Τ
485 3418 606 3502 ridino
631 3418 762 3530 1486,
783 3416 843 3502 die
859 3419 1000 3505 decimo

180 3551 273 3633 trusis
297 3549 463 3663 Aprilis.
489 3546 637 3635 In·fol.
669 3551 783 3665 goth.
815 3579 870 3637 m.
897 3583 934 3636 r.

180 3762 203 3846 '.
228 3757 394 3875 Virgilii
418 3761 600 3846 Maronis
628 3789 749 3871 opera
770 3788 861 3846 cum
889 3790 998 3846 com·
1031 3778 1142 3866 ,ποθ

180 3916 256 3977 ent.
285 3891 410 3976 Servii
435 3892 566 3976 Mauri
596 3892 811 3976 Honorati.
836 3892 886 3975 In
906 3920 997 4002 per·
1053 3931 1133 4077 ss
1164 3867 1237 4061 A

180 4019 317 4109 umenti.
344 4020 480 4107 ln-fol.
505 4020 626 4111 ve'lin.
1142 4022 1146 4029 ’

180 4233 211 4305 ln
242 4235 304 4307 line
332 4234 469 4330 legitur:
500 4235 634 4305 Veneriis
664 4234 815 4326 impressa
842 4251 918 4304 sunt
940 4257 999 4324 per

180 4355 303 4421 torrium
331 4354 539 4422 Bartlwlarrrei
576 4353 789 4444 impressorum
817 4351 997 4442 duopulm

194 4465 331 4540 CCCC.
356 4467 562 4556 LXXXVI,
586 4494 687 4538 mense
713 4469 865 4539 Octobris.
887 4466 998 4560 Incipit

181 4609 279 4658 umen
299 4609 374 4656 etun
390 4587 456 4655 virt
477 4587 646 4674 Maronis,
668 4608 740 4680 quar
761 4601 898 4678 occupat
919 4606 998 4678 qua·

180 4728 195 4775 r
216 4703 325 4799 priora
344 4702 444 4794 folia,
464 4720 587 4776 etcum
605 4701 717 4798 quinto
739 4702 901 4773 Bucolica.

758 4818 794 4889 G
815 4813 846 4907 iij
