2884 6550
470 1435 840 1527 sonorus
1079 1446 1128 1541 σς

189 1682 192 1688 .
259 1597 580 1708 cum'praemissis
604 1592 843 1677 carminibus
867 1592 1011 1682 Jacobi
1036 1597 1155 1701 Sen-¹

261 1737 335 1815 tini
356 1731 584 1813 Ricinensis
608 1732 650 1807 in
669 1722 753 1835 ejus
776 1722 959 1831 laudern,
985 1749 1025 1810 et
1045 1732 1129 1839 epi·

259 1886 475 1977 grammate
504 1855 647 1944 Lucilii
674 1858 884 1941 Santritter
910 1856 963 1943 ad
995 1855 1128 1945 lecto-

257 2023 368 2098 rem,
394 2000 438 2077 in
472 2019 556 2103 quo
579 1986 724 2075 dicitur
749 1986 860 2100 hujus
888 1990 1009 2073 fuisse
1047 1989 1126 2073 Im·

248 2158 460 2239 pressorem
485 2122 645 2208 Erlzard.
674 2121 834 2205 Ratdolt
860 2154 959 2205 anno
992 2128 1126 2236 1482,

260 2259 435 2344 Veneriis
464 2257 590 2369 quinto
620 2253 711 2337 Idus
745 2253 925 2367 Augusti.
961 2257 1009 2339 In
1022 2272 1126 2369 ''4⁰'‘

257 2413 350 2475 cum
378 2390 500 2503 figur.

203 2587 258 2647 20
285 2559 436 2643 Fratris
467 2552 628 2639 Berardi
656 2553 816 2638 Odonis
844 2506 935 2640 ord.
970 2557 1131 2644 Minon'
1172 2523 1350 2818 47

259 2695 462 2804 expositio
486 2716 600 2799 super
624 2684 750 2770 libros
771 2687 990 2771 ethicorum
1014 2692 1127 2774 Aris-
1154 2676 1223 2825 sp

262 2821 409 2908 totelis.
439 2819 554 2934 Impr.
585 2818 737 2902 Brixiae
764 2819 817 2899 ad
835 2852 1020 2933 expensas
1048 2822 1132 2905 Bo-

259 2950 393 3068 nifizcii
426 2955 470 3037 de
506 2953 694 3038 Manem
729 2956 869 3063 1482,
905 2953 965 3033 die
1000 2954 1132 3034 ultimi

262 3075 427 3199 Aprilis.
455 3083 599 3169 ln-fol.

212 3303 260 3358 21
295 3271 483 3357 Ptolemei
509 3273 823 3389 cosmographiae
855 3268 947 3357 libri
976 3271 1130 3375 VIII,
1149 3248 1325 3390 4[π’

269 3434 317 3489 ex
353 3413 533 3491 versione
578 3404 740 3490 Nicolai
780 3407 892 3489 Doni
940 3404 1132 3487 Germani

262 3567 354 3622 cum
393 3537 477 3650 ejus
518 3539 749 3648 praefatione
789 3537 844 3622 ad'
882 3532 1044 3622 Paulum
1076 3538 1131 3621 II.

260 3667 401 3753 In-sol.
428 3699 480 3753 m.
509 3699 547 3755 v.
577 3675 620 3752 in
649 3666 899 3783 pergameni.

302 3858 340 3928 In
361 3857 423 3929 stne
438 3858 572 3953 iegitur:
596 3882 675 3948 opus
698 3859 819 3926 domini
839 3859 964 3928 Nicolai
986 3859 1134 3929 Gemum'

255 3979 420 4045 secundm
451 3977 641 4044 Ptolonuum
662 3975 745 4062 finit
775 3999 862 4043 anno
896 3973 946 4045 M
978 3975 1138 4049 CCCG'

258 4090 456 4165 LXXXII.
483 4093 621 4188 Augusti
643 4116 712 4162 vero
742 4092 897 4161 Kalendis
923 4093 1050 4160 XVII
1071 4096 1134 4161 im·-

252 4237 392 4302 prcssum
416 4213 509 4279 Ulmc
526 4235 583 4300 per
603 4211 794 4304 ingeniosum
816 4211 915 4280 uirum
943 4212 1133 4280 Leonardum

259 4328 329 4396 Hol
343 4327 457 4419 prefati
476 4330 579 4418 oppidi
599 4329 682 4396 civis.
706 4325 792 4396 Cum
813 4324 925 4396 chartis
947 4329 1135 4422 geographi-

259 4446 303 4517 cis
327 4446 460 4514 miniatis
481 4470 560 4514 auro
583 4467 615 4513 et
635 4445 819 4530 coloribus,
845 4462 971 4514 etcum
999 4445 1110 4540 signat.

306 4563 503 4633 Praemittitur
538 4558 658 4656 pictura
696 4585 759 4630 una
781 4561 821 4643 ,in
858 4559 921 4656 qui
953 4561 1132 4635 Monachus

259 4677 371 4753 Donis
389 4705 479 4754 suam
499 4679 594 4753 offert
611 4679 790 4752 versionem
809 4676 953 4750 Pontifici
973 4676 1072 4752 Paulo
1093 4681 1132 4755 IL
