2884 6550
368 1507 577 1582 ANNO
630 1508 733 1602 1480.
964 1533 1004 1607 33
1129 1504 1131 1508 ’

140 1635 245 1766 Kal.
286 1645 513 1729 Novembris
557 1650 620 1732 M.
662 1651 796 1732 CCCC.
833 1647 1008 1734 LXXX.

144 1772 248 1857 laus
273 1780 514 1889 omnipotenti
538 1779 643 1863 Deo.
670 1783 803 1890 In·4⁰.

187 1981 362 2066 Character
383 1985 552 2079 gothicus3
575 1986 692 2081 absque
717 1986 851 2081 signat,
875 2010 962 2056 num.
980 2004 1012 2058 et

138 2098 262 2171 custod.
286 2094 343 2169 De
362 2101 443 2171 libro
465 2086 529 2173 hoc
552 2103 709 2173 rarissimo
727 2102 800 2172 vide
820 2102 929 2172 Pinelli
948 2097 1010 2174 ΝΘ.

143 2214 246 2309 1872.
272 2217 428 2287 Maittaire
451 2243 522 2313 pag.
551 2238 618 2317 405
634 2272 649 2311 ,Ι
668 2244 741 2290 cum
765 2214 906 2289 Arshisio
928 2220 1011 2290 exis-

94 2384 100 2396 .
138 2331 262 2403 timavit
300 2332 472 2404 editionem
511 2335 592 2406 hanc
632 2334 783 2429 prodiisse
811 2333 947 2409 Viennae
980 2338 1011 2420 in
1126 2369 1129 2376 ·

135 2448 288 2537 Austrifi,
316 2450 371 2520 sed
392 2451 521 2525 temere.
542 2454 577 2522 ln
602 2479 700 2522 mtove
722 2456 859 2523 memorie
874 2474 931 2544 per
950 2480 1012 2524 ser·

138 2570 200 2640 vite
224 2595 245 2635 a
265 2573 299 2636 la
324 2572 419 2638 storia
448 2573 625 2656 lateraria,
652 2592 797 2660 stampat.
823 2574 857 2638 in
886 2573 1012 2639 Venetia

137 2709 224 2753 anno
248 2705 338 2782 1759
352 2737 363 2773 ,
378 2711 454 2780 pag.
481 2710 573 2780 272,
596 2688 728 2779 legitur:
750 2692 783 2754 la
805 2691 876 2755 citta
893 2688 1013 2757 d'Aus·

138 2804 198 2869 tria
208 2799 307 2888 ovefu
319 2822 470 2891 stampato
481 2824 583 2892 questo
593 2803 671 2871 libro
682 2803 726 2892 dy
736 2802 863 2870 Plotina
873 2804 1013 2872 chiama·

139 2941 191 2984 mo
213 2920 280 3011 oggi
297 2919 386 2984 civita
407 2920 456 2985 del
468 2916 562 3005 friuli
582 2921 656 2986 dove
673 2921 734 2985 duo
751 2920 822 2986 altri
844 2921 914 2986 libri
936 2943 1013 2987 sono
1107 3000 1114 3013 ι

137 3036 212 3105 stati
232 3035 401 3122 stampati.
424 3035 544 3100 cronica
568 3036 600 3101 di
624 3054 672 3101 sto
687 3035 817 3122 ysidoto
841 3036 977 3116 minore,
999 3062 1015 3103 e

137 3151 298 3240 leepistole
315 3152 346 3216 di
364 3149 511 3219 Cicerone.
531 3147 588 3217 De
605 3173 672 3242 quo
689 3148 783 3216 etiam
799 3146 871 3217 vide
892 3147 1014 3236 Liruti,

141 3267 240 3336 Tomo
252 3266 356 3355 primo
376 3267 411 3333 de
432 3267 555 3334 lettetati
573 3267 623 3333 del
633 3261 730 3352 friult'
740 3315 751 3351 ,
764 3290 841 3359 pag.
864 3288 955 3359 2033
973 3265 1014 3337 de

89 3374 96 3384 ’
137 3382 362 3480 Typographo
383 3379 455 3452 vide
472 3382 648 3450 Phalaridis
664 3384 780 3471 epistol.
800 3384 881 3450 anni
902 3404 1014 3473 1471,
1093 3453 1097 3461 ,

141 3501 286 3570 Tarm‘sii

89 3703 147 3787 24
184 3670 319 3756 Liber
344 3694 607 3755 creaturarum
650 3698 717 3755 seu
759 3667 808 3753 de
851 3668 1012 3756 homine
1073 3641 1173 3808 s?

147 3801 402 3916 (Raimondi
433 3801 634 3886 Sabundii.
659 3800 677 3911 )
710 3799 886 3914 Impress.
919 3802 1011 3884 Da·
1105 3819 1113 3834 “
1131 3742 1208 3943 d

146 3937 297 4018 veneria
317 3965 389 4045 per
410 3932 589 4015 Richard.
615 3928 809 4044 Pafftoed.
830 3936 894 4015 In·
897 3929 1006 4029 fol.

188 4105 309 4174 Ultima
322 4103 472 4173 columna
488 4120 533 4172 est
556 4100 599 4197 38
619 4100 753 4188 linear„
771 4097 826 4170 sed
836 4099 943 4170 deesse
960 4101 1011 4170 vi·

141 4221 230 4293 detur
255 4219 365 4290 folium
388 4242 497 4289 unum.
887 4205 889 4211 ’

89 4442 142 4533 25
171 4409 381 4527 Speculum
418 4420 576 4497 aureum
612 4416 751 4495 animae
784 4415 1012 4522 peccatricis
1076 4373 1178 4664 7
1326 4526 1331 4532 .

147 4546 369 4660 aquodam
385 4545 668 4630 Carthusiensi
689 4543 865 4659 Impress.
895 4546 1015 4627 Pori
1067 4515 1330 4773 lssfflmda.

148 4682 218 4762 siis
234 4677 373 4760 Udal
325 4680 437 4762 lncas
458 4673 717 4790 GemngetG.
735 4676 904 4787 Mayaal
917 4708 1014 4758 atmo
1083 4678 1085 4682 ’

192 4809 289 4884 Tamo
309 4808 361 4883 ΙΙ.
