2884 6550
259 1094 312 1183 7‘4
518 1078 583 1148 LI
608 1076 634 1145 B
659 1073 691 1144 R
714 1073 730 1142 I
779 1056 863 1141 S'U
888 1069 915 1138 B

318 1219 382 1307 De
408 1212 502 1301 veri
530 1239 570 1297 et
595 1209 694 1296 falsi
720 1202 971 1319 paeniteotii.

261 1329 265 1335 ⁵
317 1352 382 1434 De
410 1350 654 1431 contritione
678 1340 828 1425 cordis.
962 1394 965 1398 -

319 1482 383 1568 De
410 1501 644 1586 contemptu
669 1470 833 1555 Mundi.

319 1611 384 1695 De
411 1609 693 1693 convenientia
729 1601 869 1686 decem
903 1622 1192 1711 praeceptorum

457 1763 496 1820 et
519 1736 655 1821 decern
673 1730 883 1848 plagarum
904 1730 1086 1843 AEgipti.

258 1877 267 1960 ζ
322 1868 387 1951 De
416 1873 653 1981 cognitione
677 1893 780 1948 verae
807 1870 916 1947 vitae.

254 1952 264 2106 i
323 1999 632 2082 Confessionum
656 1993 746 2078 libri
775 1995 896 2079 XIII.

322 2129 388 2210 De
417 2126 603 2213 doctrin&
632 2123 861 2208 Christiani
886 2120 1082 2213 libri'lv.

322 2261 386 2344 De
414 2256 493 2343 fide
520 2257 573 2342 ad
599 2257 773 2340 Petrum.

322 2391 387 2473 De
414 2389 591 2474 moribus
615 2414 654 2470 et
674 2385 757 2471 vitai
779 2383 1030 2470 Ciericorum
1051 2395 1192 2470 sermo·

478 2550 548 2605 nes
578 2519 676 2603 duo.

261 2638 265 2649 ¹
323 2653 388 2735 De
415 2649 507 2738 vetti
528 2648 756 2761 Religione.
776 2653 911 2759 In·4⁰.

363 2819 440 2891 Post
462 2819 597 2892 indicem
623 2820 762 2915 sequitur
796 2844 876 2914 opus
901 2816 1031 2889 Eusebii
1065 2813 1197 2887 Corradi

248 2933 254 2944 ’
319 2936 494 3006 Mediolan.
520 2937 677 3006 Canonici
704 2935 922 3005 Lateranensis
944 2934 986 3004 ad
1006 2933 1136 3027 *Sixtum
1154 2933 1197 3001 IV

279 3096 285 3138 3
318 3073 380 3142 pto
408 3051 590 3123 aufferendo
618 3053 659 3122 de
687 3052 831 3123 Ecclesii
862 3075 972 3121 errore
998 3051 1198 3122 scribentium

320 3186 464 3236 sanctum
496 3169 704 3262 Augustinutn
734 3170 884 3240 Ecclesiae
908 3168 1080 3238 doctorem
1109 3168 1199 3238 fuisse

282 3287 286 3303 '
320 3280 539 3370 Heremitam3
563 3289 648 3356 etin
672 3285 764 3374 hujus
786 3289 848 3357 fine
870 3305 958 3357 extat
982 3286 1068 3357 aliud
1094 3284 1200 3356 Sancti

320 3384 484 3492 Attguitini
502 3410 677 3493 opusculum
694 3407 729 3471 de
748 3406 857 3494 spiritu
879 3425 906 3470 ct
924 3406 1035 3470 anima*
1052 3432 1061 3486 ;
1081 3422 1114 3472 et
1130 3419 1203 3496 post

322 3516 484 3611 reg'tstrum
512 3522 642 3614 legitur:
669 3548 726 3611 per
751 3523 801 3591 M.
828 3522 990 3589 Andream
1014 3523 1049 3588 dc
1074 3521 1202 3588 Bonctis

322 3637 357 3704 de
381 3635 482 3727 Papia
505 3640 636 3706 Veneriis
659 3630 804 3730 impresso
820 3636 976 3726 futrum,
995 3655 1058 3708 etc.
1087 3635 1202 3726 1484,

323 3753 369 3821 die
391 3775 430 3847 23
455 3758 566 3824 mensis
588 3755 676 3825 Iulii.

325 3985 470 4097 Itaecterit
492 4013 551 4080 pro
578 3989 798 4082 supplemento
824 3987 865 4058 ad
891 3986 1076 4073 Maittaitc,
1099 3985 1203 4056 Tom.

371 3869 542 3942 Character
559 3852 721 3965 gotliicw,
735 3895 808 3941 cum
821 3870 994 3964 signaturis.
1015 3867 1204 3964 Descriptio

276 3870 451 4265 Lptimo,
472 4127 544 4196 pag.
568 4127 650 4199 451.

141 4261 225 4410 ἕ
284 4306 306 4393 3
333 4278 469 4367 Sancti
498 4278 718 4394 Augustini
739 4308 958 4368 sermones
987 4278 1040 4367 ad
1070 4278 1206 4366 Here«

161 4751 402 5187 Ὗ
