2884 6550
389 1082 461 1160 286
677 1079 709 1155 C
732 1079 768 1188 0Ι
791 1079 830 1154 D
854 1074 869 1154 l
893 1079 926 1155 C
950 1082 980 1156 E
1004 1081 1029 1155 S

436 1240 593 1335 Gonzaga
605 1289 618 1328 ‚
640 1237 719 1311 sicut
746 1256 896 1312 tatanhtr
924 1238 1059 1336 insignia
1086 1229 1179 1330 luins
1205 1232 1287 1336 getth·

436 1357 569 1431 Nomen
593 1358 729 1430 auctoris
749 1349 782 1428 in
804 1355 932 1430 finesic
952 1359 1091 1455 legitor:

484 1537 634 1631 Seignour
654 1557 731 1606 vous
754 1533 804 1637 che
826 1557 898 1605 aaa
922 1519 1025 1604 oh'aee
1043 1535 1190 1606 manda

485 1672 733 1765 Lapassiondc
753 1671 1219 1744 Disuchwusmmm

483 1943 683 2034 linquentem
697 1968 718 2011 a
735 1945 884 2036 cistpom
896 1966 970 2015 casu
987 1969 1079 2018 conse
1095 1973 1119 2016 a
1134 1969 1243 2040 aspona

482 2078 624 2148 Niconis
650 2081 801 2150 Veronois
821 2106 837 2149 ι
854 2105 938 2175 pour
961 2082 1046 2151 rime
1065 2084 1189 2154 eoendu

484 2213 555 2285 Mes
577 2211 946 2307 dcchtscitn’cstplus
966 2201 1235 2293 denotimevuc
1338 2225 1339 2304 ἶ

486 2353 574 2423 Pour
587 2379 617 2423 cc
630 2357 705 2446 plus
723 2352 795 2423 n'en
811 2355 892 2423 dirui
900 2353 974 2443 fhrs
991 2356 1044 2425 che
1062 2362 1120 2427 ala
1132 2360 1260 2450 ἄφιππα

483 2490 549 2565 ltu
567 2511 644 2564 vous
664 2493 761 2561 bcocic
780 2492 830 2560 clu
850 2516 889 2561 en
908 2491 1046 2582 bicnfer
1063 2519 1149 2567 nous
1167 2520 1260 2592 m.

728 2626 844 2700 Arrun.

183 2822 343 2947 363*
367 2862 370 2872 ·
393 2823 442 2908 18
462 2821 519 2907 Le
535 2819 634 2910 livre
649 2820 699 2908 de
717 2820 860 2909 l'ordre
875 2821 925 2909 de
942 2850 1021 2908 tres
1037 2824 1219 2912 chretien
1232 2824 1298 2911 Rol

172 2960 400 3094 ›loom—
442 2954 494 3041 de
518 2957 553 3040 F
555 2986 671 3043 sance
703 2959 813 3069 Loys
840 2962 1022 3041 unzieme
1052 2986 1076 3042 a
1107 2956 1300 3046 lhonneot

442 3085 494 3170 de
520 3089 566 3170 St
592 3087 759 3173 Michel.
787 3093 915 3204 In·40.
949 3137 951 3141 ·

482 3270 599 3344 Codex
639 3275 738 3370 quinti
776 3277 892 3351 decimi
921 3277 1018 3351 seculi
1053 3281 1301 3371 membraneus,

436 3389 566 3468 eximius
588 3408 621 3462 et
641 3390 768 3488 elegans
797 3392 861 3491 (cn
889 3398 1010 3467 ἐσίασι
1031 3398 1196 3496 litarde.)
1222 3398 1302 3471 Exhi-

435 3511 490 3583 bet
512 3527 618 3582 autem
641 3527 754 3587 statuta
776 3509 893 3584 ordinis
915 3513 961 3584 Sti
980 3513 1149 3588 Michaelis
1168 3542 1189 3589 a
1207 3516 1302 3590 bado·

436 3628 512 3702 vico
533 3627 584 3699 XI
606 3628 758 3721 instituti,
777 3648 810 3701 et
830 3631 858 3704 si
883 3631 1040 3728 originalis
1065 3658 1137 3704 non
1162 3655 1235 3726 est,
1255 3633 1302 3706 sal·

435 3747 504 3820 tem
529 3772 651 3823 coenus
675 3765 733 3820 est.

483 3865 681 3939 praemittitur
704 3864 868 3939 miniatura
890 3891 953 3937 una
974 3865 1116 3965 quinque
1147 3871 1301 3967 pollicibus

380 3985 385 3996 '
411 3983 522 4073 ,alta,
541 3984 667 4081 elegans
688 4004 720 4056 et
742 3986 891 4058 exhibens
912 3980 1035 4080 Regem
1059 3987 1094 4056 in
1119 3989 1242 4062 throno
1259 4012 1301 4060 se·

435 4100 590 4192 dentem,
612 4129 687 4176 com
714 4124 840 4198 seeptro
866 4122 898 4175 et
920 4126 1016 4175 manu
1042 4100 1168 4192 iustitiae
1194 4128 1226 4179 et
1253 4107 1302 4179 cir·

434 4242 508 4289 cum
530 4217 685 4293 adstantes
702 4221 842 4318 equites,
860 4246 933 4294 cum
952 4221 1090 4294 vestibus
1107 4243 1142 4297 et
1160 4244 1300 4324 apparatu

340 4370 342 4374 ·
436 4335 564 4413 ordinis.

411 5012 687 5180 “A
