2884 6550
357 1103 363 1111 x

395 1156 400 1163 ι
467 1155 472 1165 ι

914 1198 918 1205 ι

1052 1246 1056 1260 1

386 1441 876 1539 MANuscrtrpTl
1023 1449 1089 1551 285

212 1624 255 1674 ac
275 1598 366 1674 tertia
386 1603 421 1674 in
443 1602 644 1678 membranis.
671 1604 721 1675 Ex
742 1602 896 1701 scripturi
912 1603 1011 1700 quinti
1034 1606 1094 1678 de·

212 1719 288 1790 timi
308 1721 418 1793 seculi.
529 1736 532 1740 '
983 1759 985 1764 ·

260 1837 403 1911 libellos
424 1837 600 1912 Hemerlini
620 1838 701 1938 (qui
722 1839 780 1913 fuit
805 1859 916 1913 auctor
936 1840 1093 1914 variarum

212 1951 467 2028 oblectationum
490 1977 533 2036 ,et
564 1955 605 2029 de
632 1958 755 2053 origine
788 1953 1020 2046 Switensium,
1051 1958 1093 2030 de

213 2090 283 2168 quo
306 2066 380 2145 vide
401 2072 494 2170 suprai
521 2074 554 2144 in
577 2070 642 2145 hoc
669 2073 804 2170 indice)
828 2073 867 2145 tle
894 2075 1011 2146 balneis
1036 2102 1093 2149 seu

211 2188 355 2262 lontibus
371 2191 500 2279 calidis,
516 2188 688 2286 praesertim
705 2189 746 2262 de
763 2190 1042 2285 Solodurensibus,
1059 2213 1092 2266 et

212 2305 488 2395 Bononiensibus;
501 2308 702 2405 penitus-huc
719 2308 818 2404 usque
832 2309 955 2405 ignotus
966 2336 1092 2384 renran·

215 2425 277 2514 sit,
297 2426 393 2497 etiarn
417 2424 548 2498 Hallero
572 2429 605 2497 in
632 2424 689 2505 sul
714 2428 900 2497 Bibliotheca
925 2429 1092 2503 Helvetios.

213 2541 249 2611 ln
270 2543 336 2615 hoc
356 2542 502 2616 describit
522 2568 619 2641 aquas
637 2542 850 2631 Thermae,
870 2569 1002 2641 quatum
1023 2548 1092 2618 ori-

215 2659 321 2754 ginem
337 2660 525 2757 investigat3
546 2680 579 2732 et
598 2658 775 2756 optandum
795 2661 877 2732 foret
898 2651 982 2757 typis
1001 2687 1093 2732 man·

215 2771 280 2848 clari
311 2802 371 2874 pro
402 2777 492 2850 bono
516 2779 662 2849 naturalis
694 2777 857 2864 historiae;
883 2803 943 2849 nec
960 2779 1092 2851 ‘rninori

217 2893 332 2968 merito
348 2894 434 2991 apud
451 2897 601 2968 litteratos
619 2893 770 2992 gauderet
790 2893 910 2967 caeteris
928 2891 995 2984 ejus
1015 2922 1092 2992 ope·

217 3012 310 3086 ribus.
336 3011 572 3085 Antidotariunr
594 3012 674 3086 verb
697 3014 783 3110 saepl
802 3017 885 3111 typis
908 3002 1091 3086 mandatum

215 3128 357 3203 habetur.
379 3129 533 3202 Nicolaus
553 3131 605 3201 ille
627 3129 838 3202 salernitanus
861 3152 949 3218 erat;
966 3130 1092 3228 dequo

217 3247 314 3322 videri
331 3268 436 3345 potest
453 3249 608 3321 Fabricius
621 3249 754 3323 biblioth.
763 3253 865 3346 groecd
877 3248 965 3323 Tom.
981 3246 1093 3339 XIII,

217 3385 247 3438 et
265 3366 461 3463 biographos
480 3365 664 3461 Napolitani
687 3363 803 3463 Regni.
822 3365 987 3469 Quantirm
1011 3368 1092 3440 verb

216 3484 254 3555 ad
275 3483 351 3555 Joh.
374 3482 415 3554 de
440 3502 490 3554 sto
516 3484 691 3575 Amantio,
716 3504 827 3557 auctor
852 3505 899 3557 est
926 3486 1037 3557 Gallus
1058 3485 1092 3556 in

213 3600 314 3695 patrii
332 3597 388 3671 sul
407 3601 461 3671 vix
482 3620 589 3674 notus.

168 3806 220 3892 17
243 3796 393 3882 Poenae
429 3824 495 3882 sur
520 3795 559 3882 la
593 3803 754 3910 passion
787 3797 837 3885 de
872 3801 911 3891 J·
939 3801 1092 3886 Christ.
1147 3756 1338 3929 5533*

220 3925 376 4015 In-fol.
404 3924 577 4017 velours.

261 4117 381 4190 Codex
410 4122 484 4217 ¹5⁶·
507 4117 604 4191 seculi
630 4120 880 4206 membraneus,
906 4118 1037 4216 scriptus
1061 4121 1094 4193 in

207 4242 311 4307 lewes
331 4239 368 4306 de
388 4260 529 4308 sommes.
554 4238 603 4307 Ex
628 4258 669 4334 35
694 4236 798 4326 foliis,
820 4262 894 4308 cum
919 4261 967 4327 40
994 4238 1094 4333 pictu-

210 4354 256 4423 ris
293 4372 327 4423 et
358 4354 520 4426 arboribus
559 4354 771 4449 genealogicis
810 4353 1095 4446 Patriarcharum,

212 4467 328 4542 mundi
359 4488 519 4559 aetatum,
548 4470 699 4542 vitiorum
739 4490 770 4540 et
800 4471 960 4545 virtutum.
991 4468 1094 4561 Hujus

214 4604 330 4670 auctor
353 4606 401 4658 est
427 4586 580 4660 Nicolaus
599 4588 820 4676 Veronensis,
843 4589 896 4684 qui
923 4613 1004 4683 opus
1029 4590 1120 4663 hoc·

223 4722 255 4777 et
279 4706 432 4779 volumen
460 4705 571 4781 obtulit
594 4706 649 4778 uni
667 4730 685 4777 e
705 4705 895 4801 principibus
917 4704 1031 4782 domlls
1053 4708 1095 4780 de
