2884 6550
257 1484 260 1495 '
404 1468 489 1555 AD
522 1468 741 1545 ANNUM
779 1486 884 1573 15oo.'
1035 1500 1102 1574 137

183 1592 251 1692 [a
269 1612 387 1695 storia
410 1606 463 1693 de
483 1606 588 1693 dieci
610 1604 705 1693 mila
735 1614 896 1719 martyri
923 1614 1102 1695 crucifixi

243 1738 383 1831 diJesu
396 1740 547 1825 christo
567 1736 617 1823 de
635 1735 742 1850 quali
758 1745 884 1825 scrive
900 1763 962 1823 sto
978 1742 1100 1827 Giro-

239 1869 340 1959 iemo
367 1868 433 1955 nel
465 1900 540 1957 suo
569 1868 803 1984 martilogio
830 1870 904 1955 che
933 1871 1101 1959 Furono

238 2002 411 2087 crucifixi
420 1998 488 2085 adi
508 2028 559 2085 22
576 1996 618 2083 di
631 2002 819 2113 Giugno:
840 1998 1017 2116 prologo
1036 2000 1100 2089 del

237 2128 458 2217 venerabile
506 2132 726 2216 Anastasio
771 2139 970 2217 armarista
1011 2138 1101 2217 cioe

235 2260 471 2347 Guardiano
492 2260 543 2346 de
564 2258 657 2345 libri
678 2257 781 2345 della
807 2262 914 2348 sedia
938 2291 1100 2375 aposto-

234 2390 305 2479 lica
320 2390 402 2505 (ex
425 2396 450 2477 8
459 2388 620 2507 filiis.)
651 2395 783 2492 In·4⁰.
809 2422 899 2477 cum
920 2397 1073 2507 figuris.

269 2560 350 2633 Tria
375 2562 448 2633 haec
479 2561 634 2657 opuscula
666 2562 833 2635 Florentiae
865 2561 1008 2635 videntur
1041 2565 1100 2633 im·

234 2704 332 2775 pressa
353 2678 440 2752 circa
459 2682 564 2774 1496.

208 2896 240 2953 ιι
258 2873 447 2961 Eberardi
470 2876 727 2963 Bituricensis
755 2880 980 2993 graecismus
1009 2903 1100 2959 cum
1239 2900 1258 2931 ¹¹

245 3032 452 3095 comment.
492 3006 613 3101 Joan.
651 3011 860 3101 vincentii
896 3001 1099 3091 Metulini.
1172 3060 1192 3085 r
1239 3066 1286 3105 ‚f

244 3136 397 3223 ln·fol.

275 3309 449 3406 Chamcrer
461 3329 507 3384 est
521 3312 675 3408 gothicus.
691 3309 895 3382 Terminarur
908 3337 982 3384 cum
999 3302 1101 3408 sigmss

239 3427 297 3498 turi
314 3456 334 3528 ζ
350 3453 386 3520 4.
408 3427 504 3500 Circa
530 3452 632 3523 1490.

210 3643 246 3702 22
267 3621 545 3712 Bartholomaei
570 3624 675 3708 Fatii
702 3652 804 3736 opus
835 3621 896 3714 de¹
914 3630 1100 3735 proprie-
1174 3615 1204 3729 2}
1236 3599 1280 3690 Γ

245 3753 380 3840 ratibus
402 3755 613 3840 verborum
627 3765 666 3838 'et
680 3759 901 3865 synonimis
916 3755 966 3840 ad
978 3757 1098 3846 Joan.
1213 3745 1269 3894 42

245 3879 446 3972 Jacobum.
475 3888 605 3986 In·4⁰.
1191 3899 1198 3914 ‘
1257 3875 1260 3880 ’

279 4051 361 4126 Huic
382 4053 558 4126 adunantur
579 4055 741 4129 nonnulle
762 4055 911 4149 Epistolae
936 4054 1101 4126 familiares

243 4163 396 4248 Ciceronis
412 4171 531 4248 Larinae
547 4189 580 4246 et
591 4171 623 4240 in
635 4171 794 4242 Italianam
808 4173 987 4242 versionem
1003 4191 1101 4241 trans-

245 4281 313 4358 late.
328 4285 467 4362 Primum
484 4311 565 4382 opus
580 4289 762 4358 terminatur
774 4314 848 4358 cum
866 4285 1020 4382 signatura
1031 4315 1046 4356 e
1056 4286 1101 4377 ii,

248 4417 275 4467 er
290 4401 456 4476 secundum
476 4423 564 4474 caret
583 4403 760 4506 signaturis.¹
780 4404 951 4477 Characrer
975 4424 1022 4476 est
1045 4429 1101 4474 ro-

1207 4648 1276 4715 ἦ»

202 4683 264 4776 ,13
283 4671 381 4762 Hore
407 4667 498 4768 dive
522 4681 648 4764 crucis
675 4706 746 4792 per
774 4678 892 4770 Joan.
922 4679 1101 4762 Fernan·
1187 4705 1218 4785 23
1263 4775 1271 4810 ν

1062 4903 1068 4912 .
1202 4813 1278 4943 ys.
