2884 6550
427 1077 533 1176 ιη’
691 1097 1080 1176 ttnntsut

477 1235 616 1326 Electa
654 1268 703 1323 ex
734 1236 1029 1325 commentariis
1071 1235 1268 1323 Eustath‘ti
1295 1257 1325 1317 et

536 1370 705 1456 allorum
746 1376 1093 1486 grammaticorum
1129 1365 1324 1482 secundun

534 1501 752 1589 litterarum
777 1501 973 1588 ordinem.

476 1655 757 1740 Formationes
782 1650 995 1738 verborum
1018 1683 1102 1735 sum
1132 1678 1173 1737 et
1197 1683 1252 1738 eo.

475 1784 540 1867 De
567 1789 615 1867 iis
643 1810 731 1896 quae
759 1785 986 1899 significant
1013 1785 1152 1867 sedere.

475 1919 574 2018 Quae
600 1915 653 1996 ire
680 1914 926 2028 significant.

475 2060 673 2175 Excerpta
694 2090 744 2148 ex
767 2069 924 2176 scriptis
944 2060 1166 2148 Herodiani
1188 2061 1237 2149 de
1255 2091 1318 2148 ver·

531 2193 587 2279 bo
604 2222 752 2309 magno
774 2199 875 2279 scitu
895 2192 1131 2309 dignissima
1149 2221 1237 2307 quae
1255 2219 1316 2306 pas

534 2331 606 2409 sim
631 2354 717 2409 non
741 2330 1010 2410 inveniuntur.

461 2453 778 2560 ,Declinatorum
825 2456 1037 2541 verborum
1082 2454 1317 2543 deductiones

532 2617 582 2673 ex
607 2586 780 2698 ejusdem
808 2590 978 2697 scriptis.

476 2719 811 2804 Choetoboschus
831 2716 881 2801 ad
899 2746 967 2801 eos
987 2724 1058 2831 qui
1080 2746 1260 2832 quaerunt
1276 2747 1318 2803 rc·

532 2848 644 2963 gulas
684 2877 724 2934 ct
752 2846 1025 2932 similitudines
1064 2856 1109 2935 in
1157 2853 1318 2940 omnibus

535 2979 682 3065 verbis.

474 3107 585 3191 Idem
614 3108 663 3191 de
690 3113 843 3199 casibus
878 3121 919 3200 in
950 3114 1094 3226 quibus
1125 3116 1180 3201 ob
1213 3116 1319 3202 disso-

405 3253 408 3258 '
529 3244 707 3324 nantium
732 3246 938 3329 attrahitur
964 3275 1005 3329 n.

473 3369 537 3453 De
561 3369 752 3454 anomalis
779 3398 819 3456 et
843 3376 971 3462 verbis
996 3379 1252 3493 inaequalibus
1272 3404 1317 3464 se·

529 3500 704 3586 cundiam
731 3501 912 3590 ordinem
939 3506 1239 3618 alphabeticum.

473 3650 727 3739 Herodianus
760 3652 810 3740 de
847 3655 1099 3747 dictiunculis
1138 3659 1315 3749 inclinatis

506 3794 568 3866 'et
593 3783 793 3870 incliticis.
1358 3864 1359 3903 ι

457 3915 533 4029 *De
552 3920 599 3998 iis
620 3945 707 4029 quae
729 3916 970 4005 inclinantur
993 3951 1042 4006 ex
1063 3930 1221 4038 scriptis
1239 3926 1317 4012 cho·
1358 3938 1359 3943 '

530 4044 753 4132 etoboschi.

471 4174 603 4260 AElius
630 4179 812 4267 Donatus
835 4182 884 4270 dc
905 4191 952 4272 iis
976 4169 1061 4303 quae
1089 4180 1316 4278 inclinabtut

528 4332 567 4392 et
598 4306 810 4394 encliticis.
