2884 6550
370 1064 443 1159 284
654 1061 1011 1137 contens

462 1222 581 1296 Codex
602 1224 825 1294 membraneus
849 1219 922 1292 XV
950 1216 1076 1306 seculi3
1101 1242 1144 1292 ex
1171 1217 1291 1290 clauu-

416 1361 483 1412 tere
504 1366 602 1437 quem
621 1359 742 1412 vocant
761 1344 858 1408 lettres
882 1338 1025 1408 htusdes
1047 1354 1082 1408 et
1104 1339 1203 1407 lettres
1221 1356 1293 1403 tour·

417 1485 524 1529 naurs
544 1485 582 1528 cn
603 1482 663 1541 or;
684 1475 810 1527 conmat
825 1478 872 1545 42
890 1454 974 1526 foliis
990 1477 1067 1526 cum
1085 1472 1166 1528 octo
1185 1452 1294 1548 figuris

419 1575 588 1648 altitudinis
610 1593 747 1670 quatuor
769 1571 942 1667 pollicum:
967 1570 1000 1642 in
1024 1569 1162 1646 modtun
1189 1568 1294 1662 dialogi

417 1693 570 1764 scribitur.
600 1691 776 1762 Siciliatum
802 1688 875 1762 Rex
895 1687 1039 1762 Renunts
1063 1685 1295 1784 Andegavensis

417 1809 460 1880 ab
481 1809 653 1902 Alpbonso
679 1809 782 1879 victus
806 1827 840 1879 et
862 1832 882 1877 e
905 1830 1007 1902 regno
1034 1829 1096 1878 suo
1118 1806 1250 1900 pulsus,
1268 1803 1294 1872 in

416 1923 624 1994 Prouinciam
640 1925 787 2012 secessit,
802 1923 906 2020 ibique
921 1923 962 1994 ab
973 1947 1063 1994 anno
1081 1945 1178 2013 1444
1193 1921 1295 1994 artium

416 2039 572 2112 Patronus
588 2065 626 2110 ac
648 2043 849 2129 litterarum,
867 2040 971 2134 (sicut
991 2061 1114 2112 norunt
1136 2034 1292 2134 litterati,)

416 2159 552 2252 propriis
578 2158 645 2253 ipse
670 2158 816 2229 manibus
840 2156 1058 2252 depingebat,
1081 2155 1313 2252 opusculisque·

417 2275 481 2346 suis
499 2275 679 2348 miniaturas
704 2273 895 2369 adaptabat,
920 2294 954 2347 et
975 2273 1105 2372 quidem
1127 2292 1202 2350 tunc
1224 2297 1293 2342 tcm-

416 2393 506 2489 poris
527 2395 696 2492 elegantes.
724 2391 827 2482 Hujus
848 2413 954 2463 autem
980 2392 1105 2486 generis
1128 2416 1197 2462 esse
1219 2413 1293 2485 prae-

418 2529 525 2581 sentes
553 2509 685 2580 suadent
710 2511 838 2605 propria
868 2508 943 2581 dicti
974 2509 1054 2604 regis
1080 2509 1237 2602 insignia,
1260 2530 1293 2576 at

419 2628 542 2724 pictura
568 2639 612 2724 ς’.
635 2651 706 2723 qua:
727 2627 854 2696 exhibet
879 2626 1012 2721 liguram
1040 2625 1159 2700 castelli
1184 2628 1219 2693 dc
1242 2647 1292 2690 ovo

417 2744 452 2813 in
468 2743 633 2840 Neapoli,
648 2745 681 2814 in
704 2769 771 2840 qno
787 2744 827 2813 ab
845 2743 1015 2838 Alphonso
1035 2744 1183 2812 obsessus
1201 2741 1292 2812 fuerat

416 2859 584 2948 Rennnts3
606 2886 703 2956 quam
726 2860 925 2932 obsidionem
948 2860 980 2929 in
1003 2860 1063 2930 hac
1086 2860 1182 2930 etiam
1203 2854 1291 2953 figuti

418 2977 621 3048 adumbrasse
638 2977 772 3049 videtur.
792 2977 911 3048 Evivis
927 2978 1018 3074 igitur
1030 2974 1176 3052 nunditm
1193 2998 1293 3049 exces-

419 3113 501 3164 serat
520 3093 661 3168 Renatus
684 3120 773 3166 anno
800 3116 903 3192 1455.

165 3281 292 3456 5595
373 3308 425 3393 16
448 3302 593 3388 Felicis
624 3307 831 3392 Hemerlin
860 3308 1112 3423 (Malleoli)
1141 3310 1192 3396 de
1215 3306 1290 3394 bal.

144 3472 366 3573 “aff-d
422 3442 510 3521 neis
536 3435 780 3522 naturalibus
814 3441 912 3552 quid
940 3441 1193 3532 sentiendum
1218 3439 1288 3558 dis.

424 3597 604 3657 serrano.

423 3759 727 3847 Antidotarium
753 3760 928 3848 Nicolai.

424 3947 737 4044 Observationes
770 3953 865 4042 Joh.
898 3981 922 4036 a
951 3980 1015 4039 sto
1041 3953 1231 4039 Amando
1253 3957 1288 4034 in

480 4081 642 4167 Nicolai
662 4085 964 4171 antidotarium.
991 4084 1134 4171 In·fol.

466 4270 569 4347 Prima
594 4297 665 4367 pars
691 4273 810 4348 codicis
835 4278 1003 4350 chartacea
1030 4297 1078 4349 est
1104 4298 1136 4350 et
1164 4270 1287 4351 secunda

165 4748 631 5196 m
679 4937 703 5072 =
