2884 6550
421 1516 490 1599 ης
698 1480 1052 1565 CODICES

226 1664 352 1787 3⁶>-
422 1693 473 1773 3³
499 1645 765 1739 Lecodieille
792 1646 841 1731 de
870 1646 969 1735 Jean
995 1643 1046 1727 de
1076 1646 1207 1730 Meun
1238 1645 1320 1759 (qul

180 1828 238 1947 “rt
266 1827 302 1949 ,χ’
311 1842 393 1942 4
475 1790 620 1873 achera
646 1780 683 1863 le
711 1807 852 1863 roman
878 1774 928 1860 de
953 1773 991 1858 la
1017 1774 1161 1892 rose.)
1194 1775 1319 1861 In-fol.

477 1948 576 2005 veau
598 1914 715 1998 brun.

515 2083 632 2154 Codex
650 2080 870 2179 membraneus
886 2074 1000 2148 decimi
1021 2077 1123 2172 quinti
1142 2080 1237 2150 seculi
1249 2078 1318 2173 scrip·
1355 2056 1357 2061 Ι

469 2224 517 2273 tus
539 2204 571 2269 in
597 2202 760 2267 antitanes
788 2199 950 2283 bocardes,
972 2222 1047 2268 cum
1075 2197 1198 2290 picturd
1221 2196 1318 2269 undet

469 2320 589 2389 litteris·
607 2316 790 2410 capitalibus
818 2313 982 2384 deauratis.
1016 2315 1162 2408 Optimae
1189 2336 1267 2386 notae
1287 2328 1318 2383 et

468 2460 604 2530 praesens
627 2432 742 2504 codex.
766 2430 841 2500 Hoc
862 2432 945 2500 enirn
967 2454 1158 2524 comparato
1182 2459 1252 2505 curn
1270 2430 1318 2503 edi·
1349 2479 1357 2485 -

468 2554 559 2623 tione
581 2552 699 2621 abbatis
721 2550 851 2644 lenglet
871 2548 1085 2647 Dufremoy,
1112 2571 1223 2645 praerer
1243 2549 1317 2621 varia·

470 2672 574 2741 tiones
584 2670 763 2739 innumeras
775 2688 807 2737 et
817 2668 1011 2762 singulares,
1028 2692 1124 2760 supra
1136 2688 1259 2740 centuni
1269 2691 1319 2737 rer·

472 2813 523 2859 sus
552 2786 647 2857 refert
671 2785 804 2856 omissos
824 2785 856 2853 in
877 2780 1112 2855 editionedicti
1133 2787 1257 2859 abbatis.
1279 2784 1318 2855 Pr·

471 2905 553 2997 ginae
583 2904 616 2971 in
645 2904 809 2973 coliunnas
837 2924 905 2971 non
930 2899 1137 2992 dividuntur,
1166 2923 1197 2974 et
1224 2905 1253 2973 in
1277 2902 1320 2970 fine
1352 2978 1357 2983 ,

473 3020 606 3113 legitur:
628 3022 750 3110 explicit
771 3024 797 3087 lc
824 3039 982 3089 testantem
1005 3016 1170 3116 (scribere
1195 3019 1321 3092 debuisset
1352 3008 1354 3013 ¹

475 3140 630 3207 lecodict'l
639 3135 657 3231 )
687 3137 801 3204 Mam
820 3137 920 3206 Jehan
947 3137 983 3202 de
1006 3136 1117 3208 Mem.
1144 3137 1271 3209 Constat
1288 3150 1319 3230 75

477 3255 585 3338 foliis3
606 3251 663 3324 fuit
683 3253 761 3324 olim
784 3251 905 3322 domini
926 3250 1052 3323 Claudii
1073 3253 1115 3326 de
1134 3253 1259 3327 Ruffier.

206 3507 259 3568 „
289 3387 381 3634 J]
427 3447 936 3560 31Leonardi(Bruni)
972 3450 1136 3534 Aretini
1172 3446 1321 3563 epistole

186 3606 368 3744 mm
350 3683 399 3710 .‚
481 3609 578 3692 quas
605 3583 655 3665 ab
682 3610 790 3664 anno
825 3605 925 3691 1405
953 3579 1010 3665 ad
1037 3611 1189 3666 annum
1223 3604 1338 3694 usque¹

487 3740 593 3824 1440
622 3718 842 3819 scripserat.
874 3716 941 3796 ln
942 3709 1013 3796 fol
1038 3743 1179 3824 parvo.

522 3901 639 3972 Codex
663 3901 882 3973 membraneus
905 3902 1010 3972 litteris
1036 3903 1194 4000 quadratis
1222 3903 1324 3976 detine
1353 3951 1358 3962 .

473 4021 585 4118 quinto
609 4020 717 4090 seculo
740 4020 771 4086 in
794 4018 876 4089 italid
899 4039 1040 4090 exaratus
1053 4073 1065 4106 ,
1091 4023 1217 4118 elegans
1238 4041 1267 4094 et
1282 4043 1326 4113 op·

474 4143 559 4208 rimae
580 4159 675 4208 notae.
702 4137 831 4205 Norunt
850 4137 971 4205 litterati
994 4163 1107 4207 omnes
1129 4140 1272 4212 meritum
1288 4140 1329 4209 ba·

474 4280 583 4326 rntnce
608 4255 811 4348 epistolarum
834 4253 1003 4324 doctissimi
1029 4255 1192 4347 hominis,
1220 4277 1333 4355 quarum

473 4371 696 4441 collectionem
715 4369 809 4440 edidit
826 4370 933 4440 Abbns
953 4371 1069 4442 Mehus
1088 4377 1252 4449 Florenriae
1266 4396 1335 4446 anne

478 4514 600 4579 1741,
630 4486 686 4557 sed
714 4489 880 4557 nonnullas
906 4489 1030 4558 exhibet
1058 4515 1200 4583 praesens
1221 4494 1340 4580 codex,

475 4631 546 4701 qnae
570 4623 623 4673 aut
646 4603 884 4676 eruditissimum
909 4604 1062 4677 editorem
1095 4608 1274 4705 fugerunt,
1300 4591 1357 4685 auti

477 4722 643 4815 ampliores
667 4740 747 4793 sunt.
